<?xml version="1.0" encoding="UTF-8"?>
<!DOCTYPE html PUBLIC "-//W3C//DTD XHTML 1.0 Transitional//EN"
    "http://www.w3.org/TR/xhtml1/DTD/xhtml1-transitional.dtd">
<html xmlns="http://www.w3.org/1999/xhtml" xml:lang="en" lang="en">
 <head>
  <title>
</title>
<meta http-equiv="Content-Type" content="text/html;charset=utf-8" />
  <meta name='ocr-system' content='tesseract 3.04.00' />
  <meta name='ocr-capabilities' content='ocr_page ocr_carea ocr_par ocr_line ocrx_word'/>
</head>
<body>
  <div class='ocr_page' id='page_1' title='image "./corneliinepotis03halmgoog_0106.png"; bbox 0 0 2460 3848; ppageno 0'>
   <div class='ocr_carea' id='block_1_1' title="bbox 380 196 1091 264">
    <p class='ocr_par' dir='ltr' id='par_1_1' title="bbox 380 196 1091 264">
     <span class='ocr_line' id='line_1_1' title="bbox 380 196 1091 264; baseline 0.006 -14"><span class='ocrx_word' id='word_1_1' title='bbox 380 198 478 253; x_wconf 84' lang='lat' dir='ltr'>XXIII.</span> <span class='ocrx_word' id='word_1_2' title='bbox 496 196 692 255; x_wconf 81' lang='lat' dir='ltr'>HANNIBAL.</span> <span class='ocrx_word' id='word_1_3' title='bbox 720 205 743 253; x_wconf 80' lang='grc'>7.</span> <span class='ocrx_word' id='word_1_4' title='bbox 763 205 787 254; x_wconf 92' lang='grc'>8.</span> <span class='ocrx_word' id='word_1_5' title='bbox 1049 199 1091 264; x_wconf 85' lang='grc'>93</span> 
     </span>
    </p>
   </div>
   <div class='ocr_carea' id='block_1_2' title="bbox 88 341 1173 3604">
    <p class='ocr_par' dir='ltr' id='par_1_2' title="bbox 88 341 1173 1926">
     <span class='ocr_line' id='line_1_2' title="bbox 90 341 1128 430; baseline 0.004 -25"><span class='ocrx_word' id='word_1_6' title='bbox 90 364 151 425; x_wconf 87' lang='lat' dir='ltr'>que</span> <span class='ocrx_word' id='word_1_7' title='bbox 174 341 310 406; x_wconf 86' lang='lat' dir='ltr'>fratrem</span> <span class='ocrx_word' id='word_1_8' title='bbox 333 346 401 406; x_wconf 87' lang='lat' dir='ltr'>eius</span> <span class='ocrx_word' id='word_1_9' title='bbox 424 341 606 427; x_wconf 80' lang='lat' dir='ltr'>Magonem.</span> <span class='ocrx_word' id='word_1_10' title='bbox 651 343 713 407; x_wconf 91' lang='lat' dir='ltr'>hoc</span> <span class='ocrx_word' id='word_1_11' title='bbox 741 364 896 427; x_wconf 90' lang='lat' dir='ltr'>responso</span> <span class='ocrx_word' id='word_1_12' title='bbox 919 344 1128 430; x_wconf 80' lang='lat' dir='ltr'>Karthagi·4</span> 
     </span>
     <span class='ocr_line' id='line_1_3' title="bbox 88 429 1093 518; baseline 0.002 -23"><span class='ocrx_word' id='word_1_13' title='bbox 88 431 218 495; x_wconf 79' lang='lat' dir='ltr'>aienses</span> <span class='ocrx_word' id='word_1_14' title='bbox 242 430 374 515; x_wconf 90' lang='lat' dir='ltr'>cognito</span> <span class='ocrx_word' id='word_1_15' title='bbox 397 429 616 495; x_wconf 87' lang='lat' dir='ltr'>Hannibalem</span> <span class='ocrx_word' id='word_1_16' title='bbox 639 430 771 496; x_wconf 92' lang='lat' dir='ltr'>domum</span> <span class='ocrx_word' id='word_1_17' title='bbox 794 435 827 496; x_wconf 91' lang='lat' dir='ltr'>et</span> <span class='ocrx_word' id='word_1_18' title='bbox 849 430 1023 518; x_wconf 77' lang='lat' dir='ltr'><strong>Magonem</strong></span> <span class='ocrx_word' id='word_1_19' title='bbox 1046 455 1093 498; x_wconf 92' lang='lat' dir='ltr'>re-</span> 
     </span>
     <span class='ocr_line' id='line_1_4' title="bbox 90 518 1093 605; baseline 0.003 -22"><span class='ocrx_word' id='word_1_20' title='bbox 90 522 255 583; x_wconf 82' lang='lat' dir='ltr'>vocanmt.</span> <span class='ocrx_word' id='word_1_21' title='bbox 299 518 363 582; x_wconf 92' lang='lat' dir='ltr'>huc</span> <span class='ocrx_word' id='word_1_22' title='bbox 390 523 428 583; x_wconf 93' lang='lat' dir='ltr'>ut</span> <span class='ocrx_word' id='word_1_23' title='bbox 455 519 564 602; x_wconf 90' lang='lat' dir='ltr'>rediit,</span> <span class='ocrx_word' id='word_1_24' title='bbox 596 540 653 582; x_wconf 87' lang='lat' dir='ltr'>rex</span> <span class='ocrx_word' id='word_1_25' title='bbox 684 518 790 583; x_wconf 88' lang='lat' dir='ltr'>factus</span> <span class='ocrx_word' id='word_1_26' title='bbox 823 523 886 604; x_wconf 85' lang='lat' dir='ltr'>est,</span> <span class='ocrx_word' id='word_1_27' title='bbox 917 524 1093 605; x_wconf 88' lang='lat' dir='ltr'>postquam</span> 
     </span>
     <span class='ocr_line' id='line_1_5' title="bbox 90 605 1094 691; baseline 0.003 -21"><span class='ocrx_word' id='word_1_28' title='bbox 90 607 269 690; x_wconf 87' lang='lat' dir='ltr'>imperator</span> <span class='ocrx_word' id='word_1_29' title='bbox 291 605 406 691; x_wconf 74' lang='lat' dir='ltr'>fluerat,</span> <span class='ocrx_word' id='word_1_30' title='bbox 430 628 513 671; x_wconf 90' lang='lat' dir='ltr'>anno</span> <span class='ocrx_word' id='word_1_31' title='bbox 537 607 676 672; x_wconf 88' lang='lat' dir='ltr'>secundo</span> <span class='ocrx_word' id='word_1_32' title='bbox 700 611 733 671; x_wconf 92' lang='lat' dir='ltr'>et</span> <span class='ocrx_word' id='word_1_33' title='bbox 755 607 924 673; x_wconf 85' lang='lat' dir='ltr'>vicesimo:</span> <span class='ocrx_word' id='word_1_34' title='bbox 947 613 985 673; x_wconf 91' lang='lat' dir='ltr'>ut</span> <span class='ocrx_word' id='word_1_35' title='bbox 1008 609 1094 673; x_wconf 88' lang='lat' dir='ltr'>enim</span> 
     </span>
     <span class='ocr_line' id='line_1_6' title="bbox 90 695 1094 780; baseline 0.004 -22"><span class='ocrx_word' id='word_1_36' title='bbox 90 695 214 758; x_wconf 88' lang='lat' dir='ltr'>Romae</span> <span class='ocrx_word' id='word_1_37' title='bbox 238 696 395 779; x_wconf 87' lang='lat' dir='ltr'>consules,</span> <span class='ocrx_word' id='word_1_38' title='bbox 419 696 465 759; x_wconf 90' lang='lat' dir='ltr'>sic</span> <span class='ocrx_word' id='word_1_39' title='bbox 483 695 687 780; x_wconf 76' lang='lat' dir='ltr'>Karthagine</span> <span class='ocrx_word' id='word_1_40' title='bbox 706 697 880 778; x_wconf 86' lang='lat' dir='ltr'>quotannis</span> <span class='ocrx_word' id='word_1_41' title='bbox 904 698 1002 761; x_wconf 92' lang='lat' dir='ltr'>annui</span> <span class='ocrx_word' id='word_1_42' title='bbox 1024 697 1094 762; x_wconf 91' lang='lat' dir='ltr'>bini</span> 
     </span>
     <span class='ocr_line' id='line_1_7' title="bbox 90 783 1128 870; baseline 0.002 -24"><span class='ocrx_word' id='word_1_43' title='bbox 90 803 184 867; x_wconf 88' lang='lat' dir='ltr'>reges</span> <span class='ocrx_word' id='word_1_44' title='bbox 208 783 410 848; x_wconf 75' lang='lat' dir='ltr'>creabantur.</span> <span class='ocrx_word' id='word_1_45' title='bbox 444 783 479 847; x_wconf 94' lang='lat' dir='ltr'>in</span> <span class='ocrx_word' id='word_1_46' title='bbox 497 805 534 848; x_wconf 90' lang='lat' dir='ltr'>eo</span> <span class='ocrx_word' id='word_1_47' title='bbox 557 783 755 868; x_wconf 87' lang='lat' dir='ltr'>magistratu</span> <span class='ocrx_word' id='word_1_48' title='bbox 776 785 848 867; x_wconf 92' lang='lat' dir='ltr'>pari</span> <span class='ocrx_word' id='word_1_49' title='bbox 871 785 1040 870; x_wconf 77' lang='lat' dir='ltr'>diligentia</span> <span class='ocrx_word' id='word_1_50' title='bbox 1059 799 1128 850; x_wconf 76' lang='lat' dir='ltr'>see</span> 
     </span>
     <span class='ocr_line' id='line_1_8' title="bbox 90 870 1094 956; baseline 0.004 -22"><span class='ocrx_word' id='word_1_51' title='bbox 90 870 255 935; x_wconf 90' lang='lat' dir='ltr'>Hannibal</span> <span class='ocrx_word' id='word_1_52' title='bbox 277 870 437 956; x_wconf 89' lang='lat' dir='ltr'>praebuit,</span> <span class='ocrx_word' id='word_1_53' title='bbox 460 893 497 937; x_wconf 89' lang='lat' dir='ltr'>ae</span> <span class='ocrx_word' id='word_1_54' title='bbox 519 871 626 936; x_wconf 86' lang='lat' dir='ltr'>fuerat</span> <span class='ocrx_word' id='word_1_55' title='bbox 648 872 683 936; x_wconf 92' lang='lat' dir='ltr'>in</span> <span class='ocrx_word' id='word_1_56' title='bbox 700 872 796 936; x_wconf 88' lang='lat' dir='ltr'>bello.</span> <span class='ocrx_word' id='word_1_57' title='bbox 829 894 969 956; x_wconf 91' lang='lat' dir='ltr'>namque</span> <span class='ocrx_word' id='word_1_58' title='bbox 988 874 1094 939; x_wconf 88' lang='lat' dir='ltr'>effecit</span> 
     </span>
     <span class='ocr_line' id='line_1_9' title="bbox 91 960 1173 1046; baseline 0.003 -23"><span class='ocrx_word' id='word_1_59' title='bbox 91 982 131 1024; x_wconf 88' lang='lat' dir='ltr'>ex</span> <span class='ocrx_word' id='word_1_60' title='bbox 148 960 241 1024; x_wconf 83' lang='lat' dir='ltr'>novis</span> <span class='ocrx_word' id='word_1_61' title='bbox 260 960 474 1045; x_wconf 85' lang='lat' dir='ltr'>vectigalibus</span> <span class='ocrx_word' id='word_1_62' title='bbox 492 982 558 1025; x_wconf 94' lang='lat' dir='ltr'>non</span> <span class='ocrx_word' id='word_1_63' title='bbox 577 961 682 1025; x_wconf 92' lang='lat' dir='ltr'>solum</span> <span class='ocrx_word' id='word_1_64' title='bbox 695 964 733 1024; x_wconf 94' lang='lat' dir='ltr'>ut</span> <span class='ocrx_word' id='word_1_65' title='bbox 748 965 835 1025; x_wconf 86' lang='lat' dir='ltr'>esset</span> <span class='ocrx_word' id='word_1_66' title='bbox 847 962 992 1046; x_wconf 87' lang='lat' dir='ltr'>pecunia,</span> <span class='ocrx_word' id='word_1_67' title='bbox 1012 984 1093 1045; x_wconf 89' lang='lat' dir='ltr'>quae</span> <span class='ocrx_word' id='word_1_68' title='bbox 1172 973 1173 978; x_wconf 77' lang='grc'>’</span> 
     </span>
     <span class='ocr_line' id='line_1_10' title="bbox 91 1047 1094 1134; baseline 0.002 -22"><span class='ocrx_word' id='word_1_69' title='bbox 91 1047 247 1112; x_wconf 86' lang='lat' dir='ltr'>Romanis</span> <span class='ocrx_word' id='word_1_70' title='bbox 271 1070 310 1112; x_wconf 85' lang='lat' dir='ltr'>ex</span> <span class='ocrx_word' id='word_1_71' title='bbox 331 1048 459 1113; x_wconf 88' lang='lat' dir='ltr'>foedere</span> <span class='ocrx_word' id='word_1_72' title='bbox 481 1049 683 1133; x_wconf 78' lang='lat' dir='ltr'>penderetur,</span> <span class='ocrx_word' id='word_1_73' title='bbox 706 1049 762 1112; x_wconf 90' lang='lat' dir='ltr'>sed</span> <span class='ocrx_word' id='word_1_74' title='bbox 785 1049 885 1114; x_wconf 88' lang='lat' dir='ltr'>etiam</span> <span class='ocrx_word' id='word_1_75' title='bbox 903 1055 1094 1134; x_wconf 84' lang='lat' dir='ltr'>superesset,</span> 
     </span>
     <span class='ocr_line' id='line_1_11' title="bbox 92 1136 1128 1222; baseline 0.003 -22"><span class='ocrx_word' id='word_1_76' title='bbox 92 1158 173 1219; x_wconf 90' lang='lat' dir='ltr'>quae</span> <span class='ocrx_word' id='word_1_77' title='bbox 195 1137 230 1201; x_wconf 94' lang='lat' dir='ltr'>in</span> <span class='ocrx_word' id='word_1_78' title='bbox 252 1158 327 1201; x_wconf 87' lang='lat' dir='ltr'>aera</span> <span class='ocrx_word' id='word_1_79' title='bbox 347 1137 376 1201; x_wconf 84' lang='grc' dir='ltr'>ὀ</span> <span class='ocrx_word' id='word_1_80' title='bbox 396 1141 614 1220; x_wconf 84' lang='lat' dir='ltr'>reponeretur.</span> <span class='ocrx_word' id='word_1_81' title='bbox 648 1136 761 1202; x_wconf 90' lang='lat' dir='ltr'>deinde</span> <span class='ocrx_word' id='word_1_82' title='bbox 786 1139 882 1218; x_wconf 87' lang='lat' dir='ltr'>[anno</span> <span class='ocrx_word' id='word_1_83' title='bbox 906 1143 983 1222; x_wconf 91' lang='lat' dir='ltr'>post</span> <span class='ocrx_word' id='word_1_84' title='bbox 1004 1153 1128 1222; x_wconf 80' lang='lat' dir='ltr'>prae-e</span> 
     </span>
     <span class='ocr_line' id='line_1_12' title="bbox 91 1158 1094 1312; baseline 0.001 -23"><span class='ocrx_word' id='word_1_85' title='bbox 91 1228 212 1306; x_wconf 90' lang='lat' dir='ltr'>turam]</span> <span class='ocrx_word' id='word_1_86' title='bbox 237 1224 280 1288; x_wconf 90' lang='lat' dir='ltr'>M.</span> <span class='ocrx_word' id='word_1_87' title='bbox 305 1158 439 1290; x_wconf 70' lang='lat' dir='ltr'>elladio</span> <span class='ocrx_word' id='word_1_88' title='bbox 462 1223 499 1289; x_wconf 87' lang='lat' dir='ltr'>L.</span> <span class='ocrx_word' id='word_1_89' title='bbox 522 1224 622 1290; x_wconf 87' lang='lat' dir='ltr'>Furio</span> <span class='ocrx_word' id='word_1_90' title='bbox 649 1225 835 1290; x_wconf 85' lang='lat' dir='ltr'>consulibus</span> <span class='ocrx_word' id='word_1_91' title='bbox 857 1226 963 1290; x_wconf 85' lang='lat' dir='ltr'>Roma</span> <span class='ocrx_word' id='word_1_92' title='bbox 992 1226 1094 1312; x_wconf 87' lang='lat' dir='ltr'>legati</span> 
     </span>
     <span class='ocr_line' id='line_1_13' title="bbox 91 1312 1094 1398; baseline 0.001 -20"><span class='ocrx_word' id='word_1_93' title='bbox 91 1313 329 1398; x_wconf 81' lang='lat' dir='ltr'>Karthaginem</span> <span class='ocrx_word' id='word_1_94' title='bbox 357 1317 520 1377; x_wconf 85' lang='lat' dir='ltr'>venenmt.</span> <span class='ocrx_word' id='word_1_95' title='bbox 565 1314 626 1378; x_wconf 86' lang='lat' dir='ltr'>hos</span> <span class='ocrx_word' id='word_1_96' title='bbox 653 1312 817 1378; x_wconf 88' lang='lat' dir='ltr'>Hannibal</span> <span class='ocrx_word' id='word_1_97' title='bbox 847 1320 938 1379; x_wconf 88' lang='lat' dir='ltr'>ratus</span> <span class='ocrx_word' id='word_1_98' title='bbox 967 1315 1017 1379; x_wconf 90' lang='lat' dir='ltr'>sui</span> <span class='ocrx_word' id='word_1_99' title='bbox 1044 1337 1094 1379; x_wconf 85' lang='lat' dir='ltr'>ex·</span> 
     </span>
     <span class='ocr_line' id='line_1_14' title="bbox 91 1401 1094 1487; baseline 0.003 -22"><span class='ocrx_word' id='word_1_100' title='bbox 91 1401 244 1485; x_wconf 87' lang='lat' dir='ltr'>poscendi</span> <span class='ocrx_word' id='word_1_101' title='bbox 263 1401 371 1486; x_wconf 86' lang='lat' dir='ltr'>gratia</span> <span class='ocrx_word' id='word_1_102' title='bbox 389 1401 515 1486; x_wconf 85' lang='lat' dir='ltr'>missos,</span> <span class='ocrx_word' id='word_1_103' title='bbox 537 1402 726 1485; x_wconf 87' lang='lat' dir='ltr'>priusquam</span> <span class='ocrx_word' id='word_1_104' title='bbox 744 1402 785 1465; x_wconf 89' lang='lat' dir='ltr'>iis</span> <span class='ocrx_word' id='word_1_105' title='bbox 804 1407 936 1481; x_wconf 84' lang='lat' dir='ltr'>senatus</span> <span class='ocrx_word' id='word_1_106' title='bbox 955 1404 1094 1487; x_wconf 88' lang='lat' dir='ltr'>daretur,</span> 
     </span>
     <span class='ocr_line' id='line_1_15' title="bbox 91 1488 1094 1572; baseline 0.002 -18"><span class='ocrx_word' id='word_1_107' title='bbox 91 1511 206 1554; x_wconf 85' lang='lat' dir='ltr'>navem</span> <span class='ocrx_word' id='word_1_108' title='bbox 230 1489 374 1554; x_wconf 90' lang='lat' dir='ltr'>ascendit</span> <span class='ocrx_word' id='word_1_109' title='bbox 398 1490 481 1554; x_wconf 91' lang='lat' dir='ltr'>clam</span> <span class='ocrx_word' id='word_1_110' title='bbox 504 1493 602 1572; x_wconf 87' lang='lat' dir='ltr'>atque</span> <span class='ocrx_word' id='word_1_111' title='bbox 624 1490 659 1553; x_wconf 94' lang='lat' dir='ltr'>in</span> <span class='ocrx_word' id='word_1_112' title='bbox 682 1488 809 1572; x_wconf 82' lang='lat' dir='ltr'>Syriam</span> <span class='ocrx_word' id='word_1_113' title='bbox 832 1491 873 1554; x_wconf 90' lang='lat' dir='ltr'>ad</span> <span class='ocrx_word' id='word_1_114' title='bbox 894 1491 1094 1557; x_wconf 79' lang='lat' dir='ltr'>Antiochum</span> 
     </span>
     <span class='ocr_line' id='line_1_16' title="bbox 91 1576 1128 1664; baseline 0.001 -22"><span class='ocrx_word' id='word_1_115' title='bbox 91 1577 245 1663; x_wconf 86' lang='lat' dir='ltr'>perfugit.</span> <span class='ocrx_word' id='word_1_116' title='bbox 278 1577 340 1642; x_wconf 88' lang='lat' dir='ltr'>hae</span> <span class='ocrx_word' id='word_1_117' title='bbox 362 1599 397 1641; x_wconf 90' lang='lat' dir='ltr'>re</span> <span class='ocrx_word' id='word_1_118' title='bbox 420 1579 528 1661; x_wconf 89' lang='lat' dir='ltr'>palam</span> <span class='ocrx_word' id='word_1_119' title='bbox 551 1577 638 1642; x_wconf 83' lang='lat' dir='ltr'>facta</span> <span class='ocrx_word' id='word_1_120' title='bbox 655 1576 756 1642; x_wconf 89' lang='lat' dir='ltr'>Poeni</span> <span class='ocrx_word' id='word_1_121' title='bbox 778 1600 876 1643; x_wconf 85' lang='lat' dir='ltr'>naves</span> <span class='ocrx_word' id='word_1_122' title='bbox 899 1580 987 1664; x_wconf 89' lang='lat' dir='ltr'>duas,</span> <span class='ocrx_word' id='word_1_123' title='bbox 1011 1593 1128 1662; x_wconf 73' lang='lat' dir='ltr'>quaet</span> 
     </span>
     <span class='ocr_line' id='line_1_17' title="bbox 92 1665 1095 1752; baseline -0.001 -21"><span class='ocrx_word' id='word_1_124' title='bbox 92 1689 166 1731; x_wconf 91' lang='lat' dir='ltr'>eum</span> <span class='ocrx_word' id='word_1_125' title='bbox 190 1665 505 1749; x_wconf 88' lang='lat' dir='ltr'>comprehenderent,</span> <span class='ocrx_word' id='word_1_126' title='bbox 528 1665 556 1729; x_wconf 90' lang='lat' dir='ltr'>si</span> <span class='ocrx_word' id='word_1_127' title='bbox 578 1668 713 1749; x_wconf 88' lang='lat' dir='ltr'>possent</span> <span class='ocrx_word' id='word_1_128' title='bbox 736 1667 904 1750; x_wconf 87' lang='lat' dir='ltr'>consequi,</span> <span class='ocrx_word' id='word_1_129' title='bbox 927 1666 1095 1752; x_wconf 84' lang='lat' dir='ltr'>misenmt,</span> 
     </span>
     <span class='ocr_line' id='line_1_18' title="bbox 91 1752 1094 1837; baseline -0.001 -18"><span class='ocrx_word' id='word_1_130' title='bbox 91 1756 178 1819; x_wconf 90' lang='lat' dir='ltr'>bona</span> <span class='ocrx_word' id='word_1_131' title='bbox 206 1755 274 1818; x_wconf 90' lang='lat' dir='ltr'>eius</span> <span class='ocrx_word' id='word_1_132' title='bbox 302 1754 522 1837; x_wconf 83' lang='lat' dir='ltr'>publicarunt,</span> <span class='ocrx_word' id='word_1_133' title='bbox 552 1753 683 1817; x_wconf 92' lang='lat' dir='ltr'>domum</span> <span class='ocrx_word' id='word_1_134' title='bbox 710 1776 729 1817; x_wconf 87' lang='lat' dir='ltr'>a</span> <span class='ocrx_word' id='word_1_135' title='bbox 755 1752 973 1818; x_wconf 85' lang='lat' dir='ltr'>fundamentis</span> <span class='ocrx_word' id='word_1_136' title='bbox 1002 1755 1094 1819; x_wconf 80' lang='lat' dir='ltr'>disie</span> 
     </span>
     <span class='ocr_line' id='line_1_19' title="bbox 92 1841 706 1926; baseline -0.005 -19"><span class='ocrx_word' id='word_1_137' title='bbox 92 1847 214 1926; x_wconf 82' lang='lat' dir='ltr'>eenmt,</span> <span class='ocrx_word' id='word_1_138' title='bbox 236 1843 344 1926; x_wconf 90' lang='lat' dir='ltr'>ipsum</span> <span class='ocrx_word' id='word_1_139' title='bbox 367 1842 493 1905; x_wconf 84' lang='lat' dir='ltr'>exulem</span> <span class='ocrx_word' id='word_1_140' title='bbox 515 1841 706 1906; x_wconf 88' lang='lat' dir='ltr'>iudicarunt.</span> 
     </span>
    </p>

    <p class='ocr_par' dir='ltr' id='par_1_3' title="bbox 90 1929 1131 3604">
     <span class='ocr_line' id='line_1_20' title="bbox 180 1929 1131 2014; baseline 0.001 -19"><span class='ocrx_word' id='word_1_141' title='bbox 180 1930 228 1995; x_wconf 91' lang='lat' dir='ltr'>At</span> <span class='ocrx_word' id='word_1_142' title='bbox 249 1929 413 1994; x_wconf 85' lang='lat' dir='ltr'>Hannibal</span> <span class='ocrx_word' id='word_1_143' title='bbox 437 1951 520 1994; x_wconf 90' lang='lat' dir='ltr'>anno</span> <span class='ocrx_word' id='word_1_144' title='bbox 544 1933 674 2014; x_wconf 88' lang='lat' dir='ltr'>quarto,</span> <span class='ocrx_word' id='word_1_145' title='bbox 702 1933 877 2013; x_wconf 89' lang='lat' dir='ltr'>postquam</span> <span class='ocrx_word' id='word_1_146' title='bbox 904 1930 999 1995; x_wconf 88' lang='lat' dir='ltr'>domo</span> <span class='ocrx_word' id='word_1_147' title='bbox 1022 1932 1131 2014; x_wconf 75' lang='lat' dir='ltr'>prod</span> 
     </span>
     <span class='ocr_line' id='line_1_21' title="bbox 92 2016 1094 2104; baseline 0 -20"><span class='ocrx_word' id='word_1_148' title='bbox 92 2019 230 2104; x_wconf 85' lang='lat' dir='ltr'>fugerat,</span> <span class='ocrx_word' id='word_1_149' title='bbox 253 2017 289 2082; x_wconf 89' lang='lat' dir='ltr'>L.</span> <span class='ocrx_word' id='word_1_150' title='bbox 304 2017 453 2084; x_wconf 82' lang='lat' dir='ltr'>Cornelio</span> <span class='ocrx_word' id='word_1_151' title='bbox 473 2017 509 2093; x_wconf 84' lang='lat' dir='ltr'>Q.</span> <span class='ocrx_word' id='word_1_152' title='bbox 524 2016 666 2083; x_wconf 87' lang='lat' dir='ltr'>Minucio</span> <span class='ocrx_word' id='word_1_153' title='bbox 690 2017 885 2103; x_wconf 90' lang='lat' dir='ltr'>consulibus,</span> <span class='ocrx_word' id='word_1_154' title='bbox 908 2034 981 2084; x_wconf 91' lang='lat' dir='ltr'>cum</span> <span class='ocrx_word' id='word_1_155' title='bbox 1005 2019 1094 2103; x_wconf 93' lang='lat' dir='ltr'>quin·</span> 
     </span>
     <span class='ocr_line' id='line_1_22' title="bbox 94 2105 1094 2192; baseline 0 -20"><span class='ocrx_word' id='word_1_156' title='bbox 94 2129 155 2191; x_wconf 89' lang='lat' dir='ltr'>que</span> <span class='ocrx_word' id='word_1_157' title='bbox 177 2107 314 2173; x_wconf 77' lang='lat' dir='ltr'>navibus</span> <span class='ocrx_word' id='word_1_158' title='bbox 328 2105 475 2172; x_wconf 88' lang='lat' dir='ltr'>Africam</span> <span class='ocrx_word' id='word_1_159' title='bbox 498 2106 635 2172; x_wconf 88' lang='lat' dir='ltr'>accessit</span> <span class='ocrx_word' id='word_1_160' title='bbox 657 2107 692 2170; x_wconf 92' lang='lat' dir='ltr'>in</span> <span class='ocrx_word' id='word_1_161' title='bbox 713 2107 832 2172; x_wconf 83' lang='lat' dir='ltr'>linibus</span> <span class='ocrx_word' id='word_1_162' title='bbox 847 2105 1094 2192; x_wconf 81' lang='lat' dir='ltr'>Cyrenaeorum,</span> 
     </span>
     <span class='ocr_line' id='line_1_23' title="bbox 93 2194 1094 2280; baseline -0.002 -18"><span class='ocrx_word' id='word_1_163' title='bbox 93 2197 121 2262; x_wconf 88' lang='lat' dir='ltr'>si</span> <span class='ocrx_word' id='word_1_164' title='bbox 148 2196 233 2262; x_wconf 88' lang='lat' dir='ltr'>forte</span> <span class='ocrx_word' id='word_1_165' title='bbox 261 2194 550 2280; x_wconf 86' lang='lat' dir='ltr'>Karthaginienses</span> <span class='ocrx_word' id='word_1_166' title='bbox 577 2196 618 2259; x_wconf 88' lang='lat' dir='ltr'>ad</span> <span class='ocrx_word' id='word_1_167' title='bbox 647 2196 769 2261; x_wconf 90' lang='lat' dir='ltr'>bellum</span> <span class='ocrx_word' id='word_1_168' title='bbox 800 2195 950 2260; x_wconf 90' lang='lat' dir='ltr'>inducere</span> <span class='ocrx_word' id='word_1_169' title='bbox 981 2201 1094 2279; x_wconf 90' lang='lat' dir='ltr'>posset</span> 
     </span>
     <span class='ocr_line' id='line_1_24' title="bbox 92 2283 1094 2369; baseline -0.002 -19"><span class='ocrx_word' id='word_1_170' title='bbox 92 2286 248 2351; x_wconf 81' lang='lat' dir='ltr'>Antiochi</span> <span class='ocrx_word' id='word_1_171' title='bbox 271 2307 328 2369; x_wconf 89' lang='lat' dir='ltr'>spe</span> <span class='ocrx_word' id='word_1_172' title='bbox 349 2284 538 2368; x_wconf 88' lang='lat' dir='ltr'>fiduciaque,</span> <span class='ocrx_word' id='word_1_173' title='bbox 571 2283 623 2348; x_wconf 93' lang='lat' dir='ltr'>cui</span> <span class='ocrx_word' id='word_1_174' title='bbox 644 2284 710 2348; x_wconf 80' lang='lat' dir='ltr'>Iam</span> <span class='ocrx_word' id='word_1_175' title='bbox 732 2290 938 2367; x_wconf 87' lang='lat' dir='ltr'>persuaserat</span> <span class='ocrx_word' id='word_1_176' title='bbox 959 2288 997 2347; x_wconf 89' lang='lat' dir='ltr'>ut</span> <span class='ocrx_word' id='word_1_177' title='bbox 1021 2306 1094 2348; x_wconf 89' lang='lat' dir='ltr'>cum</span> 
     </span>
     <span class='ocr_line' id='line_1_25' title="bbox 94 2370 1094 2455; baseline -0.003 -18"><span class='ocrx_word' id='word_1_178' title='bbox 94 2374 287 2438; x_wconf 85' lang='lat' dir='ltr'>exercitibus</span> <span class='ocrx_word' id='word_1_179' title='bbox 310 2373 345 2436; x_wconf 95' lang='lat' dir='ltr'>in</span> <span class='ocrx_word' id='word_1_180' title='bbox 367 2371 498 2437; x_wconf 86' lang='lat' dir='ltr'>ltaliam</span> <span class='ocrx_word' id='word_1_181' title='bbox 527 2372 794 2455; x_wconf 88' lang='lat' dir='ltr'>proficisceretur.</span> <span class='ocrx_word' id='word_1_182' title='bbox 834 2371 898 2436; x_wconf 93' lang='lat' dir='ltr'>huc</span> <span class='ocrx_word' id='word_1_183' title='bbox 920 2370 1094 2455; x_wconf 87' lang='lat' dir='ltr'>Magonem</span> 
     </span>
     <span class='ocr_line' id='line_1_26' title="bbox 93 2456 1128 2543; baseline -0.001 -19"><span class='ocrx_word' id='word_1_184' title='bbox 93 2461 228 2525; x_wconf 87' lang='lat' dir='ltr'>fratrem</span> <span class='ocrx_word' id='word_1_185' title='bbox 251 2460 377 2524; x_wconf 83' lang='lat' dir='ltr'>excivit</span> <span class='ocrx_word' id='word_1_186' title='bbox 421 2460 455 2524; x_wconf 93' lang='lat' dir='ltr'>id</span> <span class='ocrx_word' id='word_1_187' title='bbox 476 2460 533 2524; x_wconf 88' lang='lat' dir='ltr'>ubi</span> <span class='ocrx_word' id='word_1_188' title='bbox 556 2459 658 2523; x_wconf 89' lang='lat' dir='ltr'>Poeni</span> <span class='ocrx_word' id='word_1_189' title='bbox 680 2459 892 2542; x_wconf 85' lang='lat' dir='ltr'>resciverunt,</span> <span class='ocrx_word' id='word_1_190' title='bbox 920 2456 1094 2543; x_wconf 87' lang='lat' dir='ltr'>Magonem</span> <span class='ocrx_word' id='word_1_191' title='bbox 1112 2474 1128 2523; x_wconf 79' lang='lat'>2</span> 
     </span>
     <span class='ocr_line' id='line_1_27' title="bbox 94 2545 1094 2631; baseline -0.003 -18"><span class='ocrx_word' id='word_1_192' title='bbox 94 2550 219 2631; x_wconf 88' lang='lat' dir='ltr'>eadem,</span> <span class='ocrx_word' id='word_1_193' title='bbox 243 2569 306 2630; x_wconf 86' lang='lat' dir='ltr'>qua</span> <span class='ocrx_word' id='word_1_194' title='bbox 328 2547 475 2630; x_wconf 86' lang='lat' dir='ltr'>fratrem,</span> <span class='ocrx_word' id='word_1_195' title='bbox 499 2547 666 2611; x_wconf 88' lang='lat' dir='ltr'>absentem</span> <span class='ocrx_word' id='word_1_196' title='bbox 689 2545 864 2611; x_wconf 85' lang='lat' dir='ltr'>affecerunt</span> <span class='ocrx_word' id='word_1_197' title='bbox 885 2567 999 2629; x_wconf 85' lang='lat' dir='ltr'>poena.</span> <span class='ocrx_word' id='word_1_198' title='bbox 1043 2547 1094 2610; x_wconf 91' lang='lat' dir='ltr'>illi</span> 
     </span>
     <span class='ocr_line' id='line_1_28' title="bbox 94 2634 1093 2721; baseline -0.002 -19"><span class='ocrx_word' id='word_1_199' title='bbox 94 2637 271 2721; x_wconf 88' lang='lat' dir='ltr'>desperatis</span> <span class='ocrx_word' id='word_1_200' title='bbox 298 2636 394 2698; x_wconf 89' lang='lat' dir='ltr'>rebus</span> <span class='ocrx_word' id='word_1_201' title='bbox 418 2657 491 2700; x_wconf 90' lang='lat' dir='ltr'>eum</span> <span class='ocrx_word' id='word_1_202' title='bbox 520 2634 693 2699; x_wconf 83' lang='lat' dir='ltr'>solvissent</span> <span class='ocrx_word' id='word_1_203' title='bbox 714 2656 812 2698; x_wconf 85' lang='lat' dir='ltr'>naves</span> <span class='ocrx_word' id='word_1_204' title='bbox 836 2656 872 2698; x_wconf 88' lang='lat' dir='ltr'>ac</span> <span class='ocrx_word' id='word_1_205' title='bbox 895 2634 966 2698; x_wconf 86' lang='lat' dir='ltr'>vela</span> <span class='ocrx_word' id='word_1_206' title='bbox 988 2635 1093 2700; x_wconf 85' lang='lat' dir='ltr'>ventis</span> 
     </span>
     <span class='ocr_line' id='line_1_29' title="bbox 94 2722 1094 2808; baseline 0 -19"><span class='ocrx_word' id='word_1_207' title='bbox 94 2725 272 2808; x_wconf 88' lang='lat' dir='ltr'>dedissent,</span> <span class='ocrx_word' id='word_1_208' title='bbox 294 2722 459 2787; x_wconf 89' lang='lat' dir='ltr'>Hannibal</span> <span class='ocrx_word' id='word_1_209' title='bbox 482 2724 522 2787; x_wconf 92' lang='lat' dir='ltr'>ad</span> <span class='ocrx_word' id='word_1_210' title='bbox 544 2722 743 2786; x_wconf 85' lang='lat' dir='ltr'>Antiochum</span> <span class='ocrx_word' id='word_1_211' title='bbox 765 2722 920 2806; x_wconf 87' lang='lat' dir='ltr'>pervenit.</span> <span class='ocrx_word' id='word_1_212' title='bbox 966 2723 1004 2787; x_wconf 90' lang='lat' dir='ltr'>de</span> <span class='ocrx_word' id='word_1_213' title='bbox 1026 2723 1094 2789; x_wconf 81' lang='lat' dir='ltr'>Ma</span> 
     </span>
     <span class='ocr_line' id='line_1_30' title="bbox 93 2810 1092 2899; baseline -0.003 -20"><span class='ocrx_word' id='word_1_214' title='bbox 93 2815 187 2899; x_wconf 87' lang='lat' dir='ltr'>gonis</span> <span class='ocrx_word' id='word_1_215' title='bbox 215 2812 350 2877; x_wconf 89' lang='lat' dir='ltr'>interitu</span> <span class='ocrx_word' id='word_1_216' title='bbox 376 2811 493 2894; x_wconf 85' lang='lat' dir='ltr'>duplex</span> <span class='ocrx_word' id='word_1_217' title='bbox 520 2810 676 2876; x_wconf 90' lang='lat' dir='ltr'>memoria</span> <span class='ocrx_word' id='word_1_218' title='bbox 703 2811 833 2893; x_wconf 90' lang='lat' dir='ltr'>prodita</span> <span class='ocrx_word' id='word_1_219' title='bbox 855 2815 918 2874; x_wconf 89' lang='lat' dir='ltr'>est:</span> <span class='ocrx_word' id='word_1_220' title='bbox 953 2832 1092 2895; x_wconf 89' lang='lat' dir='ltr'>namque</span> 
     </span>
     <span class='ocr_line' id='line_1_31' title="bbox 94 2898 1093 2985; baseline -0.003 -20"><span class='ocrx_word' id='word_1_221' title='bbox 94 2903 150 2966; x_wconf 86' lang='lat' dir='ltr'>alii</span> <span class='ocrx_word' id='word_1_222' title='bbox 175 2900 360 2985; x_wconf 84' lang='lat' dir='ltr'>naufragio,</span> <span class='ocrx_word' id='word_1_223' title='bbox 387 2899 443 2962; x_wconf 89' lang='lat' dir='ltr'>alii</span> <span class='ocrx_word' id='word_1_224' title='bbox 466 2921 486 2963; x_wconf 90' lang='lat' dir='ltr'>a</span> <span class='ocrx_word' id='word_1_225' title='bbox 508 2899 643 2964; x_wconf 84' lang='lat' dir='ltr'>servulis</span> <span class='ocrx_word' id='word_1_226' title='bbox 665 2898 768 2982; x_wconf 87' lang='lat' dir='ltr'>ipsius</span> <span class='ocrx_word' id='word_1_227' title='bbox 791 2899 997 2963; x_wconf 87' lang='lat' dir='ltr'>interfectum</span> <span class='ocrx_word' id='word_1_228' title='bbox 1020 2921 1093 2964; x_wconf 89' lang='lat' dir='ltr'>eum</span> 
     </span>
     <span class='ocr_line' id='line_1_32' title="bbox 94 2987 1127 3074; baseline -0.003 -19"><span class='ocrx_word' id='word_1_229' title='bbox 94 2991 251 3074; x_wconf 84' lang='lat' dir='ltr'>scriptum</span> <span class='ocrx_word' id='word_1_230' title='bbox 274 2989 482 3070; x_wconf 89' lang='lat' dir='ltr'>reliquerunt.</span> <span class='ocrx_word' id='word_1_231' title='bbox 517 2987 699 3052; x_wconf 90' lang='lat' dir='ltr'>Antiochus</span> <span class='ocrx_word' id='word_1_232' title='bbox 723 2990 832 3050; x_wconf 89' lang='lat' dir='ltr'>autem</span> <span class='ocrx_word' id='word_1_233' title='bbox 854 2988 884 3050; x_wconf 90' lang='lat' dir='ltr'>si</span> <span class='ocrx_word' id='word_1_234' title='bbox 901 2991 970 3051; x_wconf 91' lang='lat' dir='ltr'>tam</span> <span class='ocrx_word' id='word_1_235' title='bbox 988 2987 1023 3051; x_wconf 90' lang='lat' dir='ltr'>in</span> <span class='ocrx_word' id='word_1_236' title='bbox 1041 3008 1093 3073; x_wconf 80' lang='lat' dir='ltr'>ge</span> <span class='ocrx_word' id='word_1_237' title='bbox 1111 3003 1127 3052; x_wconf 77' lang='lat'><em>8</em></span> 
     </span>
     <span class='ocr_line' id='line_1_33' title="bbox 93 3075 1093 3159; baseline -0.004 -16"><span class='ocrx_word' id='word_1_238' title='bbox 93 3079 191 3143; x_wconf 93' lang='lat' dir='ltr'>rendo</span> <span class='ocrx_word' id='word_1_239' title='bbox 218 3078 304 3142; x_wconf 92' lang='lat' dir='ltr'>bello</span> <span class='ocrx_word' id='word_1_240' title='bbox 333 3075 475 3140; x_wconf 86' lang='lat' dir='ltr'>consiliis</span> <span class='ocrx_word' id='word_1_241' title='bbox 503 3076 571 3140; x_wconf 89' lang='lat' dir='ltr'>eius</span> <span class='ocrx_word' id='word_1_242' title='bbox 598 3097 710 3159; x_wconf 87' lang='lat' dir='ltr'>parere</span> <span class='ocrx_word' id='word_1_243' title='bbox 737 3075 906 3159; x_wconf 83' lang='lat' dir='ltr'>voluisset,</span> <span class='ocrx_word' id='word_1_244' title='bbox 934 3097 1032 3158; x_wconf 89' lang='lat' dir='ltr'>quam</span> <span class='ocrx_word' id='word_1_245' title='bbox 1058 3075 1093 3139; x_wconf 95' lang='lat' dir='ltr'>in</span> 
     </span>
     <span class='ocr_line' id='line_1_34' title="bbox 93 3162 1093 3250; baseline -0.004 -20"><span class='ocrx_word' id='word_1_246' title='bbox 93 3166 295 3250; x_wconf 89' lang='lat' dir='ltr'>suscipiendo</span> <span class='ocrx_word' id='word_1_247' title='bbox 319 3165 517 3248; x_wconf 90' lang='lat' dir='ltr'>instituerat,</span> <span class='ocrx_word' id='word_1_248' title='bbox 539 3164 671 3247; x_wconf 88' lang='lat' dir='ltr'>propius</span> <span class='ocrx_word' id='word_1_249' title='bbox 690 3163 800 3227; x_wconf 79' lang='lat' dir='ltr'>Tiberi</span> <span class='ocrx_word' id='word_1_250' title='bbox 824 3185 921 3246; x_wconf 92' lang='lat' dir='ltr'>quam</span> <span class='ocrx_word' id='word_1_251' title='bbox 942 3165 978 3227; x_wconf 77' lang='lat' dir='ltr'>ie</span> <span class='ocrx_word' id='word_1_252' title='bbox 995 3162 1093 3227; x_wconf 86' lang='lat' dir='ltr'>&#39;lher-</span> 
     </span>
     <span class='ocr_line' id='line_1_35' title="bbox 92 3251 1093 3338; baseline -0.004 -19"><span class='ocrx_word' id='word_1_253' title='bbox 92 3255 232 3338; x_wconf 83' lang='lat' dir='ltr'>mopylis</span> <span class='ocrx_word' id='word_1_254' title='bbox 265 3255 303 3318; x_wconf 95' lang='lat' dir='ltr'>de</span> <span class='ocrx_word' id='word_1_255' title='bbox 336 3274 462 3317; x_wconf 89' lang='lat' dir='ltr'>summa</span> <span class='ocrx_word' id='word_1_256' title='bbox 491 3252 620 3334; x_wconf 90' lang='lat' dir='ltr'>imperii</span> <span class='ocrx_word' id='word_1_257' title='bbox 654 3251 847 3316; x_wconf 89' lang='lat' dir='ltr'>dimicasset.</span> <span class='ocrx_word' id='word_1_258' title='bbox 903 3272 998 3334; x_wconf 89' lang='lat' dir='ltr'>quem</span> <span class='ocrx_word' id='word_1_259' title='bbox 1030 3251 1093 3315; x_wconf 89' lang='lat' dir='ltr'>etsi</span> 
     </span>
     <span class='ocr_line' id='line_1_36' title="bbox 92 3339 1093 3424; baseline -0.004 -17"><span class='ocrx_word' id='word_1_260' title='bbox 92 3344 196 3407; x_wconf 88' lang='lat' dir='ltr'>multa</span> <span class='ocrx_word' id='word_1_261' title='bbox 219 3342 319 3406; x_wconf 88' lang='lat' dir='ltr'>stulte</span> <span class='ocrx_word' id='word_1_262' title='bbox 341 3341 451 3406; x_wconf 89' lang='lat' dir='ltr'>conari</span> <span class='ocrx_word' id='word_1_263' title='bbox 473 3341 617 3424; x_wconf 86' lang='lat' dir='ltr'>videbat,</span> <span class='ocrx_word' id='word_1_264' title='bbox 646 3344 756 3404; x_wconf 87' lang='lat' dir='ltr'>tamen</span> <span class='ocrx_word' id='word_1_265' title='bbox 782 3340 872 3404; x_wconf 91' lang='lat' dir='ltr'>nulla</span> <span class='ocrx_word' id='word_1_266' title='bbox 895 3339 1036 3404; x_wconf 88' lang='lat' dir='ltr'>deseruit</span> <span class='ocrx_word' id='word_1_267' title='bbox 1058 3340 1093 3403; x_wconf 93' lang='lat' dir='ltr'>in</span> 
     </span>
     <span class='ocr_line' id='line_1_37' title="bbox 91 3426 1128 3515; baseline -0.004 -19"><span class='ocrx_word' id='word_1_268' title='bbox 91 3454 134 3497; x_wconf 88' lang='lat' dir='ltr'>re.</span> <span class='ocrx_word' id='word_1_269' title='bbox 170 3430 312 3515; x_wconf 75' lang='lat' dir='ltr'>praeIuIt</span> <span class='ocrx_word' id='word_1_270' title='bbox 329 3430 440 3513; x_wconf 89' lang='lat' dir='ltr'>paucis</span> <span class='ocrx_word' id='word_1_271' title='bbox 457 3428 604 3513; x_wconf 82' lang='lat' dir='ltr'>navibus,</span> <span class='ocrx_word' id='word_1_272' title='bbox 627 3450 707 3512; x_wconf 86' lang='lat' dir='ltr'>quas</span> <span class='ocrx_word' id='word_1_273' title='bbox 726 3450 765 3492; x_wconf 85' lang='lat' dir='ltr'>ex</span> <span class='ocrx_word' id='word_1_274' title='bbox 784 3426 878 3512; x_wconf 84' lang='lat' dir='ltr'>Syria</span> <span class='ocrx_word' id='word_1_275' title='bbox 896 3427 1003 3492; x_wconf 88' lang='lat' dir='ltr'>iussus</span> <span class='ocrx_word' id='word_1_276' title='bbox 1022 3431 1093 3492; x_wconf 90' lang='lat' dir='ltr'>erat</span> <span class='ocrx_word' id='word_1_277' title='bbox 1111 3443 1128 3492; x_wconf 83' lang='lat'>4</span> 
     </span>
     <span class='ocr_line' id='line_1_38' title="bbox 90 3516 1121 3604; baseline -0.012 -19"><span class='ocrx_word' id='word_1_278' title='bbox 90 3521 125 3585; x_wconf 91' lang='lat' dir='ltr'>in</span> <span class='ocrx_word' id='word_1_279' title='bbox 147 3519 262 3585; x_wconf 87' lang='lat' dir='ltr'>Asiam</span> <span class='ocrx_word' id='word_1_280' title='bbox 284 3520 408 3604; x_wconf 87' lang='lat' dir='ltr'>ducere,</span> <span class='ocrx_word' id='word_1_281' title='bbox 430 3518 534 3602; x_wconf 87' lang='lat' dir='ltr'>iisque</span> <span class='ocrx_word' id='word_1_282' title='bbox 557 3518 713 3584; x_wconf 69' lang='lat' dir='ltr'>adversus</span> <span class='ocrx_word' id='word_1_283' title='bbox 732 3516 950 3581; x_wconf 69' lang='lat' dir='ltr'>Rhodiam</span> <span class='ocrx_word' id='word_1_284' title='bbox 968 3516 1121 3573; x_wconf 59' lang='lat' dir='ltr'>masam</span> 
     </span>
    </p>
   </div>
   <div class='ocr_carea' id='block_1_3' title="bbox 0 0 1237 3848">
    <p class='ocr_par' dir='ltr' id='par_1_4' title="bbox 0 0 1237 3848">
     <span class='ocr_line' id='line_1_39' title="bbox 0 0 1237 3848; baseline 0 0"><span class='ocrx_word' id='word_1_285' title='bbox 0 0 1237 3848; x_wconf 95' lang='lat' dir='ltr'> </span> 
     </span>
    </p>
   </div>
  </div>
 </body>
</html>
