2460 3848
97 264 98 268 ,
155 197 220 260 100
472 193 556 248 XXV.
575 191 736 248 ATTIOUS.
767 198 791 248 1.
810 199 834 248 2.

118 357 134 404 s
241 338 347 404 Huius
370 338 499 402 devita
523 341 556 401 et
578 337 723 402 moribus
746 338 841 421 plura
862 337 897 400 in
920 359 958 402 eo
981 337 1065 402 libro
1088 359 1157 420 per-

154 429 258 493 secuti
285 449 409 510 sumus,
439 447 535 510 quem
558 426 733 509 separatim
755 426 795 490 de
818 447 856 490 eo
880 424 1016 490 fecimus
1039 430 1158 511 rogatu

153 516 189 580 Τ.
207 514 379 600 Pomponii
401 513 515 580 Attici.
552 535 650 597 quare
673 513 837 579 studiosos
856 512 990 579 Catonis
1014 513 1054 578 ad
1076 513 1158 578 illud

153 605 304 671 volumen
326 603 522 688 delegamus.

551 761 761 771 ..m

484 904 592 978 XXV.
619 903 831 978 urricus,

120 1047 136 1109 1
241 1043 277 1108 Τ.
299 1043 499 1126 Pomponius
521 1042 667 1128 Atticus,
695 1044 735 1108 ab
759 1043 884 1128 origine
906 1041 1023 1109 ultima
1045 1042 1158 1127 stirpis

154 1133 320 1197 Romanae
348 1136 534 1217 generatur,
563 1135 721 1216 perpetuo
745 1154 765 1196 a
786 1130 963 1196 maioribus
991 1135 1158 1215 acceptam

119 1225 338 1305 sequestrem
367 1219 511 1285 obtinuit
537 1219 741 1305 dignitatem
785 1224 879 1304 patre
905 1240 983 1284 usus
1011 1223 1061 1284 est
1088 1219 1159 1284 dili·

155 1313 251 1394 gente
283 1312 330 1393 et,
361 1310 399 1372 ut
430 1310 502 1372 tum
533 1311 627 1373 crant
658 1312 822 1393 tempora,
854 1308 915 1373 diti
946 1308 1158 1392 inprimisque

155 1397 301 1462 studioso
324 1395 517 1461 litterarum.
561 1397 631 1479 hic,
652 1400 751 1480 prout
773 1397 844 1480 ipse
867 1396 999 1461 amabat
1020 1396 1159 1481 litteras,

155 1484 305 1551 omnibus
338 1482 513 1568 doctrinis,
550 1484 667 1568 quibus
702 1485 836 1568 puerilis
870 1488 960 1550 aetas
996 1484 1159 1568 impertiri

119 1573 264 1657 adebet,
291 1572 396 1637 filium
423 1571 570 1637 erudivit
616 1575 686 1636 erat
714 1577 823 1637 autem
849 1572 884 1638 in
905 1593 1006 1657 puero
1029 1577 1160 1656 praeter

154 1660 355 1727 docilitatem
382 1660 505 1745 ingenii
534 1682 661 1725 summa
684 1661 827 1726 suavitas
851 1661 916 1726 oris
940 1664 1037 1745 atque
1059 1661 1159 1746 vocis,

153 1754 275 1815 utnon
293 1749 399 1814 solum
418 1748 566 1813 celeriter
584 1750 745 1834 acciperet
763 1770 844 1832 quae
863 1749 1083 1833 tradebantur,
1102 1750 1160 1814 sed

154 1838 254 1903 etiam
272 1837 465 1902 excellenter
486 1838 721 1920 pronuntiaret.
757 1859 821 1921 qua
846 1859 885 1902 ex
908 1859 943 1903 re
966 1838 1001 1903 in
1018 1838 1160 1922 pueritia

153 1926 272 1990 nobilis
305 1925 391 1989 inter
422 1925 572 2007 aequales
604 1924 770 1990 ferebatur
800 1926 981 2009 clariusque
1014 1925 1160 2010 exsplen-

156 2013 321 2096 descebat,
359 2033 455 2095 quam
489 2014 638 2098 generosi
670 2013 884 2099 condiscipuli
915 2014 1021 2080 animo
1055 2035 1158 2098 aequo

119 2101 238 2166 sferre
261 2102 405 2184 possent.
439 2100 549 2184 itaque
568 2101 727 2166 incitabat
746 2123 857 2166 omnes
875 2103 984 2167 studio
1003 2125 1071 2186 suo,
1094 2124 1158 2186 quo
1185 2108 1188 2114 '

154 2189 189 2253 in
219 2208 353 2253 numero
385 2186 517 2252 iirenmt
548 2186 584 2252 L.
611 2188 813 2274 Torquatus,
844 2187 879 2255 O.
906 2189 1030 2256 Marius
1062 2190 1159 2277 filiun,

156 2276 200 2341 M.
224 2275 352 2343 Cicero:
390 2297 470 2359 quos
498 2277 730 2342 consuetudine
763 2299 821 2342 sua
852 2278 899 2343 sic
931 2278 1090 2365 devinxit,
1120 2284 1160 2345 ut

154 2387 249 2431 nemo
272 2365 313 2430 iis
336 2368 492 2448 perpetua
514 2365 578 2429 citu
600 2364 700 2429 fuerit
722 2365 845 2431 carior.-

119 2455 141 2520 2
243 2453 342 2518 Pater
364 2457 490 2518 mature
513 2454 660 2518 decessit.
693 2455 763 2538 ipse
781 2454 1041 2521 adulescentulus
1063 2479 1160 2541 prop·

156 2547 207 2607 ter
230 2541 423 2606 affinitatem
446 2541 482 2605 P.
505 2539 654 2626 Sulpicii,
682 2543 738 2626 qui
760 2542 911 2609 tribunus
933 2544 1040 2627 plebei
1061 2545 1161 2610 inter-

155 2630 260 2694 fectus
288 2634 352 2715 est,
382 2651 450 2694 non
478 2651 592 2713 expers
623 2629 687 2695 fuit
719 2631 807 2696 illius
836 2632 984 2714 periculi:
1019 2654 1160 2716 namque

156 2716 284 2802 Anicia,
307 2717 479 2801 Pomponii
502 2719 709 2803 consobrina,
730 2724 886 2803 nupserat
909 2718 1035 2805 Servio,
1063 2720 1161 2788 fratri

122 2804 302 2889 adulpicii.
346 2806 458 2888 itaque
480 2805 652 2871 interfecto
676 2804 820 2891 Sulpicio
842 2813 1055 2892 posteaquam
1077 2809 1162 2876 vidit

156 2893 302 2960 Cinnano
330 2895 474 2958 tumultu
503 2894 669 2960 civitatem
698 2917 768 2961 esse
799 2898 1024 2980 perturbatam
1055 2920 1161 2982 neque

157 2982 220 3046 sibi
239 2981 308 3046 dari
326 2981 516 3049 facultatem
533 3004 594 3066 pro
613 2983 772 3068 dignitate
786 2985 923 3068 vivendi,
946 2985 1024 3069 quin
1042 2987 1162 3053 alteru·

156 3074 241 3134 tram
260 3073 387 3153 partem
406 3070 590 3155 offenderet,
609 3071 792 3138 dissociatis
809 3073 925 3137 animis
941 3074 1068 3160 civium,
1086 3097 1162 3141 cum

158 3159 214 3222 alii
238 3157 388 3242 Sullanis,
411 3158 468 3222 alii
486 3157 640 3224 Cinnanis
663 3159 809 3225 faverent
830 3161 987 3246 partibus,
1009 3163 1162 3231 idoneum

156 3252 285 3329 tempus
309 3251 399 3311 ratus
423 3246 540 3312 studiis
564 3249 761 3332 obsequendi
783 3249 850 3314 suis
869 3247 1015 3316 Athenas
1034 3272 1069 3316 se
1088 3274 1162 3318 con-

157 3335 243 3398 tulit.
288 3355 391 3418 neque
415 3356 452 3399 eo
476 3335 577 3400 setius
601 3337 839 3401 adulescentem
862 3336 1002 3403 Marium
1031 3340 1162 3406 hostem

156 3422 335 3486 iudicatum
357 3422 440 3487 iuvit
463 3423 578 3506 opibus
602 3424 678 3509 suis,
701 3425 790 3490 cuius
808 3426 920 3510 fugam
939 3428 1075 3511 pecunia
1088 3431 1163 3495 sub·

103 3521 126 3566 a
140 3508 276 3574 levarit
319 3530 359 3576 ac
384 3532 426 3574 ne
455 3511 512 3575 illa
535 3512 752 3608 peregrinatio
776 3514 1007 3581 detrimentum
1030 3517 1162 3601 aliquod
