2460 3848
71 3703 89 3799 1

423 212 494 267 XVI.
512 211 718 267 PELOPIDAS.
746 217 771 266 t.
1055 209 1099 274 65

49 345 51 349 ’
92 357 215 422 factum
237 377 414 440 numquam
437 357 544 421 animo
567 356 690 440 placari
711 356 821 440 potuit
838 356 873 420 in
891 378 974 439 eum,
996 377 1098 439 aquo

91 450 164 510 erat
186 445 336 510 violatus.
381 444 492 529 itaque
519 445 682 528 persuasit
703 443 866 509 Thebanis
893 447 931 508 ut
954 443 1097 508 subsidio

91 532 280 600 Thessaliae
310 533 591 616 proficiscerentur
620 536 838 617 tyrannosque
866 532 935 597 eius
963 532 1098 615 expelle

92 626 175 688 rent.
210 620 301 686 cuius
324 621 402 686 belli
421 643 494 687 cum
513 621 542 686 ei
562 642 688 686 summa
705 624 791 685 esset
810 620 887 685 data
905 641 1007 704 eoquo
1025 635 1136 684 cume

93 710 237 775 exercitu
260 708 425 793 profectus
449 713 545 795 esset,
565 731 632 775 non
654 708 831 793 dubitavit,
862 709 997 774 simulac
1027 729 1100 772 con·

94 799 202 883 spexit
218 797 358 883 hostem,
382 798 563 885 confligere.
599 798 635 861 in
653 818 718 881 quo
735 796 859 881 proelio
878 795 1136 862 Alexandrum

93 890 132 953 ut
155 886 392 972 animadvertit,
414 886 564 952 incensus
582 885 632 950 ira
651 906 770 969 equum
787 885 823 949 in
836 905 910 950 eum
924 885 1100 950 concitavit

94 974 271 1058 proculque
293 974 457 1061 digressus
477 997 497 1039 a
515 974 583 1040 suis
602 974 750 1040 coniectu
770 973 911 1039 telorum
930 972 1099 1039 confossus

95 1061 245 1128 concidit.
279 1066 375 1147 atque
398 1062 460 1128 hoc
480 1062 618 1129 secunda
631 1062 769 1127 victoria
787 1062 918 1128 accidit:
940 1083 1016 1126 nam
1034 1061 1100 1125 iam

95 1149 269 1216 inclinatae
292 1154 384 1216 erant
407 1155 620 1235 tyrannorum
643 1151 764 1235 copiae.
798 1172 863 1234 quo
880 1149 968 1215 facto
987 1163 1136 1215 omnese

94 1237 281 1304 Thessaliae
318 1238 468 1304 civitates
504 1238 712 1304 interfectum
747 1238 936 1323 Pelopidam
973 1237 1100 1303 coronis

95 1327 202 1392 aureis
231 1331 265 1391 et
292 1328 410 1392 statuis
438 1328 545 1392 a‘e‘neis
576 1327 761 1411 liberosque
789 1327 859 1392 eius
886 1327 990 1392 multo
1021 1347 1099 1412 agro

95 1415 266 1479 donarunt.

396 1715 508 1788 XVII.
536 1713 810 1789 lausiacus

185 1853 359 1941 Agesilaus
381 1852 654 1919 Lacedaemonius
682 1875 756 1919 cum
782 1852 940 1918 aectoris
967 1852 1102 1938 scripto·
1122 1855 1140 1918 1

98 1942 189 2007 ribus
211 1946 283 2007 tum
306 1941 421 2006 eximie
440 1964 460 2006 a
481 1941 697 2025 Xenophonte
715 1939 880 2007 Socratico
900 1940 1101 2008 collaudatus

98 2033 162 2096 est:
185 2052 223 2096 eo
248 2030 334 2096 enim
356 2052 434 2094 usus
457 2034 509 2096 est
530 2029 792 2095 familiarissime.
827 2030 881 2094 hic
903 2030 1045 2115 primum
1063 2031 1139 2096 dea

98 2141 198 2206 regno
225 2141 299 2185 cum
325 2117 538 2204 Leotychide,
568 2118 680 2184 fratris
711 2119 794 2204 filio,
824 2118 940 2184 habuit
973 2123 1102 2186 conten·

98 2209 230 2274 tionem.
274 2229 346 2273 mos
373 2211 444 2273 erat
471 2208 558 2274 enim
586 2206 851 2273 Lacedaemoniis
879 2229 898 2271 a
924 2208 1102 2273 maioribus
1195 2262 1197 2269 ,

98 2297 247 2381 traditus,
265 2300 303 2361 ut
316 2296 411 2362 binos
424 2297 583 2362 haberent
597 2318 723 2380 semper
736 2317 838 2382 reges,
853 2295 983 2359 nomine
997 2296 1102 2380 magis

98 2406 197 2466 quarn
210 2384 356 2469 imperio,
369 2405 408 2450 ex
422 2384 547 2449 duabus
560 2383 693 2449 familiis
708 2383 816 2449 Procli
830 2386 865 2446 et
877 2381 1103 2468 Eurysthenis,

100 2471 339 2623 eliphii?
353 2469 1017 2624 ,⁰1¹llhllllththhllt
1032 2468 1138 2623 lt,

99 2669 165 2712 non
187 2646 320 2711 licebat:
342 2646 390 2710 ita
408 2668 503 2712 suum
520 2651 657 2730 utraque
675 2646 838 2711 retinebat
855 2644 1009 2710 ordinem.
1040 2647 1103 2731 pri·

100 2756 191 2800 mum
221 2733 306 2799 ratio
337 2733 532 2819 habebatur,
564 2735 619 2818 qui
651 2735 809 2800 maximus
840 2738 921 2799 natu
935 2802 938 2808 ,
952 2738 1038 2799 esset
1064 2757 1104 2800 ex

100 2823 212 2887 liberis
231 2822 309 2904 eius,
333 2823 388 2904 qui
412 2843 550 2908 regnans
569 2823 774 2906 decessisset3
797 2821 848 2887 sin
861 2822 889 2886 is
903 2822 996 2886 virile
1011 2844 1102 2889 secus

100 2933 167 2976 non
189 2910 389 2995 reliquisset,
417 2915 488 2975 tum
511 2911 726 2997 deligebatur,
750 2910 805 2994 qui
827 2910 993 2995 proximus
1017 2914 1103 2975 esset
1204 2919 1205 2922 ’

101 2999 353 3083 propinquitate.
390 3002 537 3065 mortuus
557 3004 627 3064 erat
640 2997 722 3086 Agis
741 3021 806 3082 rex,
828 2997 930 3063 frater
943 2997 1103 3084 Agesilai:
1121 3012 1140 3060 4

101 3087 205 3151 filium
227 3087 403 3170 reliquerat
425 3085 665 3188 Leotychidem
706 3105 802 3170 quem
824 3087 879 3187 ille
901 3090 1017 3186 natum
1037 3107 1104 3151 non

101 3175 1037 3351 {althalialttsltitttztffithl?
1051 3174 1104 3326 l?

103 3373 164 3435 que
194 3350 227 3417 id
255 3352 340 3435 quod
368 3352 486 3436 petivit
513 3358 703 3418 consecutus
731 3355 789 3417 est.
833 3372 910 3415 nam
936 3349 1140 3433 Lysandroc

103 3439 309 3526 suffragante,
331 3440 471 3525 homine,
493 3444 531 3505 ut
554 3441 752 3506 ostendimus
776 3460 890 3524 supra,
910 3436 1051 3502 factioso
1072 3442 1112 3498 et

103 3528 144 3592 iis
167 3528 369 3612 temporibus
391 3533 538 3619 potente,
560 3527 740 3621 Agesilaus
761 3528 937 3593 antehc-‘aus
958 3526 1027 3581 aab.

148 3639 286 3684 coarsuros
300 3643 393 3690 Nerea.
975 3621 1002 3670 ’ὃ
