2460 3848
131 188 174 252 90
424 185 524 242 XXIII.
545 186 743 243 HANNIBAL.
771 193 795 242 2.
816 193 839 242 3.

133 353 211 416 pore
235 332 311 396 dato
335 331 416 396 adiit
402 332 479 397 tad
502 353 625 417 regem,
653 331 745 415 eique
775 353 848 396 cum
875 333 979 396 multa
1008 333 1047 396 de
1073 331 1137 396 fide

133 442 193 484 sua
211 423 244 484 et
262 420 364 485 odio
355 442 390 484 m
403 419 568 484 Romanos
583 423 879 504 commemorasset,
900 419 963 484 boc
977 419 1137 484 adiunxit·

133 509 238 591 pater
274 507 377 572 meus’
410 508 517 591 inquit
549 507 728 573 Hamilcar
763 469 898 609 puerulo
925 529 991 591 me,
1022 511 1136 608 utpote

132 618 199 662 non
226 597 365 680 amplius
395 618 511 661 novem
539 618 641 661 annos
672 601 760 680 nato,
791 596 826 661 in
854 558 1089 747 Hispaniam
1079 617 1138 660 1m-

133 689 265 768 perator
291 685 498 768 proficiscens
521 683 724 770 Karthagine
747 647 818 749 lovi
848 688 905 768 opt
906 684 972 749 imo
995 684 1137 749 maximo

97 785 115 833 4
133 773 220 838 hos
196 777 259 837 tras
281 772 472 837 immolavit.
503 795 584 856 quae
602 772 711 837 divina
728 793 779 837 res
798 773 875 837 dum
898 772 1138 856 conficiebatur,

135 861 295 945 quaesivit
322 883 342 925 a
369 883 420 926 me
447 861 604 926 vellemne
633 881 743 925 secum
769 861 804 924 in
830 864 938 926 castra
966 860 1137 944 proficisci.

134 950 167 1013 id
195 971 268 1014 cum
295 949 435 1014 libenter
461 949 657 1033 accepissem
686 952 783 1032 atque
811 949 852 1012 ab
876 969 913 1014 eo
936 953 1046 1032 petere
1070 969 1138 1014 coe

134 1038 254 1121 pissem
276 1059 317 1102 ne
340 1037 504 1101 dubitaret
527 1038 655 1120 ducere,
684 1041 755 1101 tum
777 1037 846 1121 illc,
868 1036 1000 1121 faciam,
1022 1037 1138 1120 inquit,
1183 1088 1189 1103 ,

135 1127 163 1190 si
191 1126 271 1190 mihi
303 1125 399 1190 fidem
427 1147 524 1208 quam
550 1126 684 1208 postulo
713 1125 846 1190 dederis.
892 1124 988 1189 simul
1017 1146 1069 1189 me
1097 1125 1138 1188 ad

135 1236 225 1278 aram
248 1213 391 1297 adduxit,
413 1213 498 1296 apud
516 1234 614 1296 quam
632 1213 812 1279 sacrificare
835 1213 1032 1297 instituerat,
1055 1234 1138 1276 eam·

136 1324 197 1386 que
225 1301 340 1365 ceteris
368 1301 501 1365 remotis
526 1305 690 1365 tenentem
712 1301 818 1366 iurare
841 1301 939 1365 iussit
960 1321 1138 1383 numquam

102 1400 117 1447 o
136 1412 186 1454 me
205 1390 240 1452 in
258 1389 402 1453 amicitia
421 1411 495 1453 cum
508 1388 664 1454 Romanis
682 1389 760 1453 fore.
792 1389 827 1454 id
841 1410 902 1474 ego
915 1389 1138 1453 iusiurandum

135 1476 222 1563 patri
249 1478 362 1542 datum
389 1498 490 1560 usque
518 1478 558 1541 ad
585 1477 668 1542 hanc
696 1480 837 1542 aetatem
866 1478 914 1542 ita
942 1477 1138 1561 conservavi,

135 1571 173 1631 ut
194 1565 316 1629 nemini
338 1565 472 1629 dubium
495 1587 575 1644 esse,
588 1565 716 1650 debeat,
744 1566 823 1648 quin
844 1565 969 1648 reliquo
993 1569 1138 1649 tempore

101 1655 247 1718 ceadem
275 1657 382 1719 mente
410 1653 473 1718 sim
499 1652 637 1717 flaturus
683 1675 781 1737 quare
809 1653 838 1718 si
865 1653 943 1736 quid
970 1654 1072 1718 amice
1099 1653 1138 1718 de

135 1742 291 1808 Romanis
320 1741 494 1828 cogitabis,
525 1763 591 1806 non
621 1741 843 1824 imprudenter
873 1741 1000 1826 feceris,
1031 1741 1060 1806 si
1086 1762 1138 1805 me

137 1831 265 1915 celaris3
288 1852 361 1895 cum
380 1830 509 1913 quidem
527 1830 649 1893 bellum
666 1831 807 1914 parabis,
828 1832 862 1893 te
880 1829 987 1914 ipsum
1004 1828 1140 1893 frustra·

135 1920 232 2002 beris,
255 1918 371 1982 sinon
394 1939 445 1982 me
467 1918 502 1982 in
524 1939 562 1982 eo
584 1917 764 2001 principem
781 1916 949 2002 posueris?

101 2005 121 2068 3
224 2005 296 2070 Hac
318 2005 420 2090 igitur
444 2026 507 2088 qua
531 2005 670 2070 diximus
693 2009 800 2070 aetate
823 2027 898 2071 cum
918 2009 1012 2090 patre
1030 2006 1065 2069 in
1082 2004 1140 2069 Hi·

138 2094 284 2178 spaniam
307 2093 471 2176 profectus
488 2097 552 2177 est,
575 2093 666 2158 cuius
684 2097 760 2177 post
778 2093 912 2177 obitum,
934 2093 1141 2158 Hasdrubale

137 2182 332 2266 imperatore
352 2181 496 2265 suffecto,
515 2181 676 2264 equitatui
695 2181 783 2246 omni
800 2179 950 2264 praefuit.
981 2182 1044 2245 hoc
1063 2203 1141 2264 quo·

138 2292 199 2353 que
222 2268 393 2333 interfecto
417 2269 576 2335 exercitus
599 2290 759 2334 summam
782 2268 910 2352 imperii
932 2268 973 2333 ad
996 2291 1070 2333 eum
1089 2269 1141 2335 de·

137 2359 223 2422 tulit.
262 2358 296 2421 id
319 2356 555 2458 Karthaginem
578 2357 720 2420 delatum
742 2356 870 2441 publice
893 2357 1141 2459 comprobatum

101 2460 118 2507 ι
137 2453 196 2512 est.
233 2446 279 2510 sic
292 2444 457 2510 Hannibal
476 2446 582 2509 minor
600 2445 741 2528 quinque
755 2448 789 2509 et
801 2444 919 2530 viginti
936 2446 1028 2510 annis
1042 2450 1140 2511 natus

137 2536 314 2618 imperator
340 2533 446 2598 factus
473 2533 620 2616 proximo
648 2533 788 2598 triennio
813 2554 923 2598 omnes
947 2538 1060 2620 gentes
1083 2533 1140 2598 Hi-

139 2621 269 2724 spaniae
283 2621 370 2686 bello
385 2621 523 2706 subegit,
543 2618 734 2706 Sagsmtum,
753 2621 951 2687 foederatam
966 2622 1141 2708 civitatem,

103 2712 169 2774 ιιι
192 2709 398 2795 expugnavit,
420 2714 487 2773 tres
506 2709 666 2773 exercitus
684 2709 842 2774 maximos
862 2711 1070 2793 comparavit.
1101 2733 1141 2777 ex

137 2798 189 2863 his
212 2820 312 2862 unum
335 2797 370 2860 in
387 2796 533 2862 Africam
556 2796 655 2881 misit,
678 2798 817 2863 alterum
840 2820 913 2862 cum
935 2797 1140 2865 Hasdrubale

137 2887 238 2951 fratre
260 2886 295 2950 in
316 2885 476 2968 Hispania
499 2884 640 2968 reliquit,
663 2885 797 2950 tertium
820 2886 855 2950 in
876 2885 1008 2950 Italiam
1030 2909 1142 2952 secum

138 2975 238 3039 duxit
273 2979 310 3038 at
331 2972 450 3037 saltum
472 2972 672 3056 Pyrenaeum
695 2974 835 3058 transiit,
859 2994 1059 3058 quacumque
1078 2975 1142 3041 iter

138 3063 229 3146 fecit,
262 3083 335 3126 cum
365 3061 515 3125 omnibus
546 3061 661 3125 ineolis
692 3062 850 3126 conflixit:
885 3062 1047 3127 neminem
1077 3064 1142 3129 nisi

104 3152 261 3216 evictum
284 3149 416 3213 dimisit.
453 3149 493 3213 ad
511 3148 612 3233 Alpes
635 3153 848 3233 posteaquam
870 3151 967 3234 venit,
991 3171 1054 3233 qua
1077 3151 1143 3217 Ita·

138 3240 217 3303 liam
244 3238 285 3302 ab
311 3235 418 3301 Gallia
445 3237 633 3322 seiungunt,
662 3258 742 3320 quas
769 3259 863 3302 nemo
891 3260 1045 3321 umquam
1069 3261 1143 3305 cum

139 3327 281 3392 exercitu
313 3329 388 3390 ante
421 3347 494 3390 eum
548 3346 602 3388 rae
619 3347 654 3390 er
604 3324 805 3390 Hercul
793 3327 858 3389 lem
882 3324 1016 3391 Graium
1039 3332 1144 3394 trans·

139 3416 223 3479 ierat
250 3412 328 3499 (quo
356 3413 481 3478 facto
471 3435 501 3478 rs
525 3329 717 3478 liodiet
653 3413 717 3478 salt
718 3435 757 3478 us
787 3412 905 3478 Graius
937 3414 1144 3503 appellatur),

128 3500 272 3581 Amicos
284 3505 442 3568 conantes
457 3501 633 3586 prohibere
648 3500 767 3565 transit
767 3523 789 3565 u
803 3502 952 3586 concidit,
970 3503 1113 3570 locat
1055 3509 1145 3590 pate·
