2460 3848
377 213 425 267 111.
444 187 640 268 Amerinus.
669 220 745 269 1-e.
1024 220 1063 282 15

61 381 143 443 quac
170 357 259 423 facta
286 361 336 422 cst
363 358 453 441 prius
483 378 579 440 quam
606 379 710 441 poena
732 358 925 424 liberaretur
886 382 933 424 ur.
978 361 1064 426 idem

60 452 192 533 praetor
218 446 282 510 fuit
308 444 558 509 Atheniensium
585 446 669 528 apud
692 445 879 511 Plataeas
870 470 904 512 1n
930 450 1064 535 proelio,

63 559 125 620 quo
153 535 244 599 fusus
274 534 487 599 barbarorum
511 533 670 598 exercitus
693 533 945 635 Mardoniusque
968 537 1065 601 inter-

60 559 166 689 fqectus
185 626 243 687 est.
277 643 381 705 neque
401 621 487 685 aliud
506 625 556 685 est
574 621 679 686 ullum
696 623 824 687 huius
815 645 850 687 in
872 645 906 688 re
929 625 1015 689 milit
1001 625 1064 689 tari
1083 641 1100 690 ι

61 714 189 777 illustre
211 710 278 775 fact
264 714 334 774 tum
359 731 455 793 quam
478 709 546 774 eius
569 710 697 793 imperii
721 712 889 796 memoria,
918 712 1065 777 iustitiae

62 822 139 865 vero
154 803 187 864 et
200 799 374 882 aequitatis
394 802 428 862 et
445 797 648 863 innocentiae
667 799 779 883 multa,
797 799 832 863 in
849 800 964 883 primis
980 802 1066 884 quod

62 888 157 954 huius
186 887 349 970 aequitate
377 885 501 950 factum
528 890 591 969 est,
619 908 692 951 cum
719 887 753 950 in
776 889 939 952 communi
963 889 1065 954 classe

63 980 150 1042 esset
172 973 325 1041 Graeciae
354 974 451 1039 simul
478 995 552 1039 cum
578 937 740 1038 Pausania
771 977 848 1076 [quo
876 976 955 1040 duce
982 976 1066 1041 Mar-

63 1065 177 1130 donius
201 1068 271 1127 erat
293 1062 454 1149 fugatus],
480 1066 518 1126 ut
545 1084 671 1126 summa
694 1063 822 1146 imperii
845 1064 1002 1128 maritimi
1025 1065 1065 1128 ab

62 1152 324 1218 Lacedaemoniis
348 1149 579 1215 transferretur
602 1151 642 1214 ad
665 1148 894 1216 Athenienses:
925 1174 1065 1236 namque
1084 1171 1100 1219 a

27 1266 31 1272 ·
64 1246 138 1307 ante
161 1241 194 1304 id
217 1245 346 1323 tempus
370 1242 403 1302 et
426 1239 508 1303 mari
527 1243 567 1303 et.
578 1242 666 1302 terra
684 1239 780 1304 duces
799 1244 892 1304 erant
910 1239 1066 1305 Lacedae

63 1329 172 1394 monii.
222 1332 293 1392 tum
325 1330 435 1391 autem
471 1330 504 1391 et
540 1327 790 1411 intemperantia
821 1327 1000 1393 Pausaniae
1033 1333 1067 1392 et

63 1417 191 1482 iustitia
217 1415 340 1480 factum
363 1419 414 1479 est
436 1414 608 1499 Aristidis,
630 1419 668 1479 ut
691 1437 802 1480 omncs
825 1416 892 1480 fere
916 1417 1065 1481 civitates

65 1504 217 1569 Graeciae
246 1504 286 1567 ad
308 1503 557 1568 Atheniensium
584 1504 774 1567 societatem
803 1525 837 1568 se
865 1506 1067 1588 applicarent

65 1596 98 1658 et
121 1594 273 1657 adversus
295 1592 452 1656 barbaros
475 1590 536 1654 hos
559 1591 655 1655 duces
678 1591 856 1676 deligerent
880 1593 952 1656 sibi.

153 1680 241 1757 Quos
274 1701 337 1763 quo
369 1678 498 1743 facilius
530 1679 739 1761 repellerent,
771 1680 800 1743 si
830 1678 915 1743 forte
946 1680 1107 1747 bellum3

65 1790 219 1834 renovare
243 1771 445 1850 conarentur,
467 1765 507 1828 ad
527 1765 646 1829 classes
665 1766 877 1831 aedificandas
896 1766 1068 1831 exercitus-

66 1879 127 1940 que
156 1854 389 1938 comparandos
418 1856 575 1936 quantum
601 1853 754 1936 pecuniae
785 1875 929 1938 quaeque
953 1855 1068 1919 civitas

66 1945 166 2027 daret,
189 1941 349 2007 Aristides
373 1942 517 2006 delectus
540 1945 591 2005 est
614 1941 669 2024 qui
692 1943 914 2027 constitueret,
937 1943 1068 2026 eiusque

66 2031 203 2097 arbitrio
234 2031 453 2116 quadringena
481 2033 515 2093 et
547 2050 706 2115 sexagena
738 2031 862 2095 talenta
894 2031 1068 2114 quotannis

65 2120 183 2185 Delum
207 2123 282 2184 sunt
306 2119 438 2184 collata:
461 2117 494 2181 id
513 2117 599 2182 eninr
622 2139 791 2183 commune
815 2119 975 2184 aerarium
998 2141 1068 2183 esse

66 2210 244 2274 voluerunt.
277 2229 359 2292 quae
378 2206 483 2272 omnis
501 2206 637 2290 pecunia
654 2211 785 2290 postero
804 2211 950 2290 tempore
969 2206 1069 2271 Athe·

65 2319 123 2362 nas
147 2297 307 2361 translata
330 2299 388 2360 est.
431 2295 485 2359 hic
509 2316 572 2378 qua
593 2294 692 2359 fuerit
715 2295 921 2378 abstinentia,
943 2294 1069 2360 nullum
1088 2313 1104 2361 ι

67 2390 117 2450 est
131 2386 250 2451 certius
268 2384 422 2449 indicium
442 2405 539 2466 quam
557 2385 644 2466 quod,
663 2404 736 2447 cum
754 2383 856 2447 tantis
870 2384 967 2446 rebus
981 2403 1070 2465 prae

66 2473 191 2557 fuisset,
213 2473 248 2537 in
270 2476 363 2536 tanta
385 2474 576 2555 paupertate
600 2470 747 2554 decessit,
769 2474 807 2534 ut
829 2470 884 2553 qui
903 2469 1071 2533 efferretur

66 2562 120 2625 ιιι
147 2561 322 2644 reliquerit.
368 2581 432 2643 quo
461 2557 586 2624 factum
609 2563 659 2622 est
681 2563 718 2623 ut
740 2558 826 2622 filiae
850 2558 918 2621 eius
941 2557 1069 2642 publice
1089 2577 1105 2624 3

68 2650 230 2712 alerentur
253 2648 347 2712 etde
371 2647 533 2713 communi
556 2647 679 2710 aerario
707 2646 838 2711 dotibus
865 2645 950 2710 datis
974 2645 1070 2710 collo-

68 2740 226 2802 carentur.
271 2734 410 2800 decessit
438 2738 547 2798 autem
573 2734 640 2798 fere
667 2738 743 2818 post
771 2755 890 2797 annum
918 2738 1070 2818 quartum

69 2846 166 2908 quam
188 2822 421 2888 Themistocles
444 2821 583 2886 Athenis
607 2825 677 2885 crat
700 2822 860 2904 expulsus.

390 3124 450 3196 I.V
478 3122 686 3198 PAUSANI
688 3123 755 3196 AS.

156 3264 332 3330 Pausanias
353 3262 626 3328 Lacedaemonius
650 3282 787 3349 magnus
810 3261 918 3344 homo,
942 3260 998 3324 scd
1020 3283 1071 3325 va·
1093 3262 1109 3326 1

68 3351 135 3416 rius
163 3352 197 3416 in
225 3353 312 3417 omni
344 3373 519 3438 generavi
510 3352 572 3416 tae
604 3350 680 3415 fuit:
716 3372 793 3414 nam
824 3354 861 3413 ut
892 3348 1071 3413 virtutibus

69 3440 178 3524 eluxit,
155 3441 247 3505 tsic
266 3440 355 3506 vitiis
374 3444 424 3504 est
443 3440 538 3505 obrut
524 3445 585 3505 t.us
622 3439 719 3503 huius
740 3436 1019 3501 illustrissmum
1036 3437 1135 3489 esna

66 3491 226 3613 proelium
244 3529 329 3615 apud
347 3528 513 3598 Plataeas.
541 3551 694 3616 namque
708 3527 775 3591 illo
795 3510 1133 3587 humanarumue
