2460 3848
393 215 453 270 VII.
472 213 697 273 ALCIBIADES.
727 221 752 271 8.
772 223 796 272 9.
1057 218 1101 284 29

97 359 323 425 conflicturum
351 365 408 425 aut
429 360 553 425 bellum
576 361 840 445 compositurum.
885 361 919 426 id
942 362 1004 426 etsi
1027 377 1136 428 vereat

96 449 220 514 dictum
242 448 403 513 Philocles
427 449 713 534 animadvertebat,
735 453 845 514 tamen
866 450 1034 534 postulata
1055 450 1101 516 fa·

98 558 169 602 cere
190 537 306 621 noluit,
330 537 415 620 quod
439 537 601 601 sentiebat
624 558 658 601 se
681 535 849 602 Alcibiade
876 541 1007 622 recepto
1032 538 1102 603 nul-

97 624 161 689 lius
184 625 340 690 momenti
363 624 448 708 apud
470 624 648 689 exercitum
669 624 816 690 futurum
838 629 880 711 et,
904 627 932 690 si
956 626 1032 709 qnid
1055 647 1102 691 se-

98 713 194 778 cundi
220 713 393 797 evenisset,
419 713 543 777 nullam
569 712 604 777 in
627 734 665 777 ea
686 734 721 777 re
749 735 841 778 suam
868 718 995 797 partem
1023 712 1101 799 fore,

98 805 212 866 contra
238 822 289 885 ea,
318 801 346 866 si
374 800 451 884 quid
478 800 603 866 adversi
630 800 814 886 accidisset,
844 823 877 866 se
904 823 1004 866 unum
1032 803 1101 868 eius

98 889 208 954 delicti
238 889 385 954 futurum
416 910 515 970 reum.
560 890 600 953 ab
630 889 694 954 hoc
721 889 886 955 discedens
915 889 1136 956 Alcibiadess

98 974 274 1061 ‘quoniam'
293 977 400 1061 inquit
419 976 585 1042 ‘victoriae
603 978 728 1061 patriae
746 998 917 1064 repugnas,
935 977 1016 1042 illud
1035 1001 1101 1044 mo·

97 1087 167 1150 neo,
184 1086 223 1131 ae
239 1067 331 1130 iuxta
348 1065 478 1130 hostem
495 1069 603 1130 castra
620 1066 740 1130 habeas
757 1067 902 1131 nautica:
922 1065 1102 1151 periculum

98 1158 148 1219 est
174 1154 273 1238 enim,
299 1175 340 1219 ne
362 1153 568 1218 immodestia
594 1154 737 1219 militum
763 1158 945 1220 vestrorum
973 1155 1100 1220 occasio

98 1242 191 1307 detur
217 1241 385 1325 Lysandro
413 1241 515 1306 vestri
543 1242 745 1326 opprimendi
772 1242 952 1309 exercitus'.
997 1257 1136 1326 nequeo

98 1352 136 1394 ea
157 1351 209 1395 res
232 1330 326 1394 illum
347 1328 472 1394 fefellit.
516 1352 593 1394 nam
615 1329 793 1415 Lysander,
817 1353 890 1396 cum
912 1353 970 1416 per
992 1353 1102 1415 specu·

98 1418 219 1483 latores
247 1418 458 1502 comperisset
485 1419 619 1503 vulgum
641 1417 891 1484 Atheniensium
919 1421 954 1483 in
981 1424 1102 1484 terram

97 1507 288 1591 praedatum
306 1506 409 1571 exisse
426 1527 587 1589 navesque
605 1528 706 1591 paene
728 1507 839 1571 inanes
861 1507 1000 1592 relictas,
1023 1512 1102 1572 tem-

98 1615 159 1679 pus
187 1594 233 1658 rei
260 1595 417 1679 gerendae
444 1616 511 1658 non
540 1594 665 1658 dimisit
692 1615 793 1677 eoque
824 1595 949 1679 impetu
980 1596 1102 1660 bellum

98 1686 206 1747 totum
229 1682 356 1747 delevit.

185 1769 232 1835 At
250 1770 444 1853 Alcibiades,
462 1769 558 1834 victis
572 1767 827 1834 Atheniensibus
845 1791 912 1834 non
930 1771 1011 1834 satis
1031 1774 1103 1835 tuta
1121 1770 1141 1835 9

98 1859 210 1922 eadem
236 1859 309 1922 loca
336 1858 399 1921 sibi
427 1857 603 1942 arbitrans,
631 1857 762 1941 penitus
789 1858 824 1922 in
850 1857 1041 1924 Thraeciam
1068 1880 1102 1923 se

99 1967 197 2030 supra
214 1944 446 2029 Propontidem
465 1945 597 2029 abdidit,
621 1966 754 2030 sperans
772 1945 819 2010 ibi
837 1945 991 2012 facillime
1010 1969 1103 2012 suam

98 2034 264 2099 fortunam
278 2033 382 2098 occuli
399 2055 504 2118 posse.
530 2033 622 2097 falso.
650 2055 727 2098 nam
740 2033 909 2120 Thraeces,
927 2039 1102 2119 postquam
1120 2050 1137 2100 2

98 2144 172 2187 eum
200 2144 273 2188 cum
300 2142 419 2208 magna
444 2122 580 2207 pecunia
606 2123 733 2187 venisse
756 2127 939 2209 sensenmt,
967 2124 1101 2188 insidiae

98 2209 244 2276 fecerunt
280 2231 380 2294 eaque
412 2232 493 2295 quae
526 2213 717 2295 apportarat
745 2211 964 2296 abstulenmt,
994 2212 1103 2296 ipsum

99 2320 212 2383 capere
234 2321 301 2364 non
323 2303 508 2383 potuerunt
542 2298 598 2362 ille
617 2320 750 2364 cernens
767 2300 894 2364 nullum
912 2300 1021 2364 locum
1039 2300 1137 2364 sibie

99 2391 208 2451 tutum
234 2387 270 2451 in
297 2385 433 2452 Graecia
463 2391 597 2471 propter
627 2387 809 2471 potentiam
836 2386 1103 2452 Lacedaemonio-

98 2497 171 2539 rum
190 2475 230 2539 ad
248 2474 494 2539 Pharnabazum
511 2475 546 2537 in
558 2474 673 2538 Asiam
691 2475 835 2559 transiit,
860 2496 955 2558 quem
973 2474 1103 2559 quidem

100 2564 178 2627 adeo
202 2585 260 2627 sua
282 2563 369 2646 cepit
390 2563 607 2645 humanitate,
628 2567 666 2626 ut
688 2585 762 2628 eum
783 2583 878 2627 nemo
901 2563 936 2626 in
958 2562 1103 2627 amicitia

100 2650 311 2715 antecederet.
344 2671 483 2733 namque
506 2650 536 2714 ei
559 2647 717 2733 Grynium
739 2650 879 2734 dederat,
901 2651 936 2714 in
957 2649 1103 2737 Phrygia

100 2742 253 2822 castium,
275 2759 315 2802 ex
337 2759 401 2821 quo
424 2738 650 2822 quinquagena
670 2739 794 2802 talenta
812 2738 981 2824 vectigalis
1000 2739 1103 2824 capie
1126 2746 1130 2754 “

98 2829 165 2892 bat.
200 2847 264 2910 qua
280 2825 413 2890 fortuna
429 2825 614 2890 Alcibiades
636 2847 702 2891 non
720 2830 790 2890 erat
809 2830 980 2891 contentus
998 2849 1101 2911 neque
1119 2843 1138 2892 4

99 2915 247 2981 Athenas
278 2914 382 2978 victas
413 2912 673 2978 Lacedaemoniis
706 2914 826 2978 servire
859 2918 989 2999 poterat
1022 2915 1101 3001 pati.

99 3005 209 3087 itaque
239 3002 280 3068 ad
308 3001 449 3087 patriam
477 3001 676 3066 liberandam
704 3003 792 3067 omni
823 3002 988 3068 ferebatur
1016 3002 1102 3087 eogi-
1174 3022 1176 3027 ·

100 3093 233 3156 tatione.
279 3091 335 3155 sed
361 3091 492 3156 videbat
523 3089 557 3154 id
584 3091 654 3155 sine
681 3111 757 3176 rege
784 3089 882 3156 Perse
909 3112 975 3156 non
1005 3105 1137 3174 posset

99 3179 180 3262 fieri,
200 3180 336 3263 ideoque
359 3200 432 3243 eum
451 3178 589 3244 amicum
607 3178 670 3243 sibi
689 3178 840 3262 cupiebat
853 3179 985 3264 adiungi
998 3198 1102 3261 neque

101 3267 271 3332 dubitabat
293 3267 387 3333 facile
411 3289 445 3332 se
472 3270 732 3351 consecuturum,
762 3267 790 3331 si
819 3267 914 3332 modo
938 3267 1006 3331 eius
1029 3287 1103 3330 con-

99 3355 251 3421 veniundi
264 3355 433 3420 habuisset
450 3359 656 3439 potestatem.
689 3377 765 3420 nam
779 3353 901 3439 Cyrum
918 3354 1054 3420 fratrem
1072 3355 1102 3419 ei

99 3444 222 3509 bellum
235 3442 319 3508 clam
331 3466 445 3528 parare
454 3442 716 3509 Lacedaemoniis
728 3443 1118 3508 adiuvantibussu'xeha‘e.

99 3533 133 3598 id
151 3533 180 3598 si
199 3532 386 3619 aperuisset,
404 3553 561 3623 magnam
578 3555 615 3601 se
630 3533 803 3601 initurum
818 3528 977 3616 gratiam
986 3521 1151 3581 <suem
