2460 3848
393 216 454 272 VII.
473 215 695 273 ALCIBIADES.
725 224 766 273 11.
1047 219 1087 282 31

85 385 135 447 ea,
159 383 241 447 quae
264 384 362 447 supra
385 362 589 446 scripsimus,
619 362 657 426 de
680 383 718 427 eo
741 362 969 446 praedicarunt
991 366 1089 446 atque

84 452 146 517 hoc
178 450 332 535 amplius:
364 472 438 516 cum
469 450 623 534 Athenis,
655 451 917 534 splendidissima
948 451 1090 535 civitate,

83 544 181 604 natus
210 543 309 622 esset,
339 559 451 604 omnes
479 538 649 622 splendore
677 559 714 604 ac
737 539 896 624 dignitate
920 560 1088 623 superasse

85 627 185 710 vitae3
214 631 388 710 postquam
415 625 489 691 inde
517 627 669 711 expulsus
692 626 821 691 Thebas
844 629 982 711 venerit,
1010 628 1123 692 adeos

85 715 201 780 studiis
230 737 342 780 eorum
369 714 555 799 inservisse,
586 719 624 779 ut
654 735 749 779 nemo
780 737 854 779 eum
882 716 993 780 labore
1022 737 1089 780 cor-

84 803 237 888 porisque
250 803 375 868 viribus
389 807 501 887 posset
514 803 723 887 aequiperare
736 800 861 888 (omnes
876 804 963 868 enim
971 803 1089 869 Boeoti

85 890 1125 1065 tttssddltttttltlffltsthwfflzlt'llr

85 1068 188 1133 virtus
210 1069 246 1134 in
268 1068 427 1152 patientia
449 1069 645 1151 ponebatur,
668 1068 715 1133 sic
737 1068 875 1133 duritiae
898 1089 933 1132 so
956 1067 1090 1152 dedisse,

85 1159 123 1220 ut
144 1156 344 1241 parsimonia
365 1156 470 1221 victus
493 1160 591 1239 atque
614 1157 721 1222 cultus
745 1178 856 1222 omnes
879 1155 1090 1221 Lacedaemo

84 1245 157 1310 nios
180 1245 336 1328 vinceret3
358 1243 459 1309 fuisse
481 1244 566 1328 apud
585 1243 756 1328 Thraecas,
778 1244 926 1309 homines
948 1244 1090 1310 vinolen-

85 1336 138 1397 tos
157 1333 318 1416 rebusque
336 1332 473 1396 veneriis
492 1331 632 1397 deditos:
650 1333 711 1397 hos
727 1354 854 1416 quoque
873 1333 908 1397 in
926 1332 978 1397 his
992 1332 1089 1397 rebus

86 1421 312 1504 antecessisse3
334 1420 460 1485 venisse
474 1420 515 1484 ad
528 1418 654 1505 Persas,
672 1420 758 1505 apud
777 1442 858 1505 quos
877 1443 1004 1487 summa
1018 1423 1089 1485 laus
1108 1436 1124 1484 5

86 1513 173 1573 esset
195 1508 325 1574 fortiter
347 1508 466 1593 venari,
488 1508 653 1573 luxuriose
675 1509 797 1573 vivere:
819 1510 936 1574 horum
955 1511 1001 1574 sic
1019 1509 1090 1574 imi·

86 1599 193 1660 tatum
215 1597 489 1679 consuetudinem,
511 1600 550 1660 ut
571 1596 621 1660 illi
644 1597 707 1680 ipsi
730 1618 804 1661 eum
826 1598 861 1662 in
878 1597 931 1661 his
950 1597 1089 1662 maxime

86 1684 331 1750 admirarentur.
377 1684 494 1768 quibus
517 1684 614 1747 rebus
638 1682 782 1749 effecisse
809 1688 860 1767 ut,
888 1684 973 1767 apud
997 1702 1125 1768 quos-6

86 1795 223 1857 cumque
237 1776 332 1856 esset,
349 1772 499 1856 princeps
517 1775 692 1855 poneretur
712 1771 949 1856 habereturque
964 1772 1090 1836 carissi·

86 1882 167 1925 mus.
213 1859 268 1925 sed
291 1859 371 1925 satir
395 1860 433 1922 de
456 1859 532 1923 hoc:
554 1859 697 1942 reliquos
720 1859 892 1924 ordiamur.

393 2161 490 2235 VIII.
524 2160 878 2236 THRASYBULUS.

173 2299 410 2385 Thrasybulus,
433 2300 513 2385 Lyci
536 2300 637 2384 filius,
659 2299 878 2365 Atheniensis.
924 2301 952 2364 si
974 2306 1125 2383 persei

86 2388 190 2452 virtus
219 2389 287 2453 sine
315 2390 447 2454 fortuna
473 2389 680 2472 ponderanda
707 2393 771 2472 est,
800 2389 913 2452 dubito
936 2409 978 2451 an
1005 2387 1090 2452 hunc

85 2477 227 2560 primum
250 2478 396 2542 omnium
418 2499 546 2561 ponam.
591 2476 672 2541 illud
695 2477 763 2540 sine
787 2475 899 2540 dubio:
928 2475 1091 2540 neminem

85 2564 162 2630 huic
183 2564 330 2647 praefero
353 2564 430 2648 fide,
452 2565 651 2649 constantia,
673 2563 895 2651 magnitudine
919 2564 1033 2647 ammi,
1056 2587 1091 2628 111

86 2652 228 2737 patriam
252 2673 369 2717 amore.
408 2674 485 2717 nam
509 2653 595 2736 quod
618 2653 713 2717 multi
736 2652 908 2716 voluerunt
930 2653 1090 2736 paucique
1109 2668 1125 2716 2

86 2744 272 2825 potuerunt,
295 2740 335 2805 ab
354 2762 417 2805 uno
436 2745 576 2824 tyranno
594 2741 735 2823 patriam
753 2740 900 2824 liberare,
922 2739 998 2805 huie
1017 2763 1090 2806 con-

87 2829 165 2915 tigit
187 2831 225 2893 ut
247 2851 267 2892 a
289 2828 426 2913 triginta
449 2849 638 2913 oppressam
661 2828 807 2911 tyrannis
831 2849 848 2891 e
872 2830 1028 2893 servitute
1055 2830 1090 2893 in

86 2918 273 2982 libertatem
291 2917 477 2981 vindicaret.
510 2916 565 2980 sed
583 2917 692 2980 nescio
712 2937 776 2999 quo
795 2915 901 3000 mode,
923 2938 997 2982 cum
1016 2939 1090 2981 eum
1109 2933 1124 2980 3

86 3028 181 3070 nemo
209 3005 349 3071 anteiret
375 3005 426 3070 hir
454 3004 645 3088 virtutibus,
677 3004 773 3068 multi
799 3004 972 3069 nobilitate
1001 3025 1091 3087 prae

88 3098 306 3159 cucurrerunt.
351 3093 493 3177 primum
520 3091 756 3176 Peloponnesio
788 3092 874 3156 bello
902 3093 1006 3157 multa
1037 3091 1090 3157 hie

89 3182 157 3246 sine
176 3182 344 3247 Alcibiade
367 3181 479 3267 gessit,
501 3180 557 3244 ille
579 3181 704 3246 nullam
726 3202 795 3246 rem
818 3181 887 3245 sine
909 3181 985 3244 hoc:
1009 3200 1090 3263 quae

21 3273 23 3277 ’
87 3269 143 3334 ille
169 3271 319 3334 universa
345 3269 487 3334 naturali
515 3269 654 3352 quodam
681 3269 767 3333 bono
794 3267 872 3333 fecit
899 3269 989 3333 lucri.
1035 3268 1127 3334 sed4

87 3357 146 3422 illa
167 3362 278 3423 tamen
300 3359 409 3424 omnia
432 3357 615 3422 communia
640 3357 890 3442 imperatoribus
914 3378 987 3422 cum
1010 3357 1092 3420 mili·

88 3446 178 3511 tibus
201 3450 235 3511 et
256 3445 396 3530 fortuna,
420 3446 505 3530 quod
528 3447 563 3510 in
584 3445 700 3529 proelii
723 3467 889 3511 concursu
906 3444 987 3504 abit
1001 3462 1073 3528 nea·
1084 3461 1114 3496 a

88 3535 224 3601 consilio
248 3534 287 3599 ad
310 3535 396 3602 vices
414 3555 519 3602 raum
536 3535 771 3620 uirtutemque
790 3527 1042 3616 pugnantium.
1070 3520 1141 3569 Aa·
