2460 3848
132 207 172 272 16
446 207 491 262 IV.
510 206 720 263 PAUSANIAS.
750 213 773 261 1.
792 213 817 262 2.

131 357 277 437 satrapes
296 351 413 438 regius,
435 352 567 417 natione
585 349 708 434 Medus,
730 351 815 437 regis
835 371 942 437 gener,
963 350 1131 435 inprimis

131 441 275 508 omnium
298 440 470 504 Persarum
498 443 530 504 et
557 461 655 504 manu
681 439 777 504 fortis
801 443 834 503 et
856 439 982 504 consilii
1008 439 1132 523 plenus,

131 551 204 596 cum
227 529 373 594 ducentis
397 528 528 593 milibus
556 527 715 613 pediturn,
742 548 822 610 quos
849 527 973 592 viritim
999 527 1132 612 legerat,

131 623 165 683 et
191 616 308 703 viginti
336 617 482 700 equitum
514 616 600 681 haud
630 616 678 680 ita
709 636 827 700 magna
853 637 951 680 manu
979 612 1131 679 Graeciae

97 706 263 792 efugatus
287 709 347 789 est,
370 726 472 788 eoque
494 705 564 788 ipse
586 703 650 767 dux
673 703 789 768 cecidit
810 703 943 787 proelio.
984 724 1048 786 qua
1070 703 1132 768 ric-

132 794 218 860 toria
246 794 350 858 elatus
382 793 524 877 plurima
555 791 687 856 miseere
715 790 822 873 coepit
850 795 882 854 et
910 791 1033 855 maiora
1060 813 1132 856 con·

133 882 304 967 eupiseere.
350 880 405 945 sed
431 882 573 965 primum
599 878 634 942 in
656 899 693 942 eo
717 881 768 942 est
794 879 1019 962 reprehensus,
1047 879 1132 962 quod

133 993 171 1035 ex
201 971 321 1055 praeda
352 969 512 1052 tripodem
544 987 675 1031 aureum
705 964 841 1048 Delphis
873 967 1038 1050 posuisset
1069 967 1133 1050 epi·

133 1062 313 1145 grammate
336 1056 506 1139 inscripto,
532 1055 566 1118 in
590 1074 653 1137 quo
675 1052 755 1118 haec
778 1058 848 1118 erat
870 1055 1044 1120 sententia:
1074 1076 1131 1120 suo

133 1150 231 1213 ductu
263 1144 417 1211 barbaros
450 1141 535 1226 apud
565 1140 715 1205 Plataeas
745 1162 815 1206 esse
847 1142 970 1208 deletos
1000 1144 1132 1226 eiusque

99 1234 287 1300 erictoriae
310 1251 387 1316 ergo
406 1228 551 1313 Apollini
573 1229 608 1293 id
629 1229 747 1293 donum
770 1229 902 1294 dedisse.
936 1230 997 1296 hos
1020 1252 1131 1295 versus

133 1318 378 1387 Lacedaemonii
409 1316 654 1400 exsculpserunt
683 1338 786 1400 neque
818 1318 905 1383 aliud
935 1319 1132 1402 seripserunt

134 1408 231 1494 quam
247 1407 378 1472 nomina
397 1426 506 1469 earum
525 1405 703 1487 civitatum,
721 1427 857 1488 quarum
876 1407 995 1472 auxilio
1014 1406 1131 1471 Persae

135 1501 227 1563 erant
248 1494 334 1559 victi.

99 1587 120 1651 2
220 1583 301 1647 Post
322 1580 355 1644 id
377 1580 536 1663 proelium
559 1581 693 1645 eundem
714 1580 909 1648 Pausaniam
932 1605 1005 1648 cum
1029 1585 1132 1648 classe

134 1669 296 1740 communi
326 1665 468 1751 Cyprum
495 1673 592 1752 atque
619 1668 868 1754 Hellespontum
896 1671 1065 1755 miserunt,
1094 1675 1133 1735 ut

99 1779 115 1828 2
135 1761 226 1827 exiis
241 1755 425 1843 regionibus
444 1758 658 1823 barbarorum
675 1759 837 1842 praesidia
851 1758 1033 1842 depelleret.
1060 1760 1132 1842 pari

133 1848 288 1915 felicitate
315 1844 350 1907 in
377 1866 415 1908 ea
441 1866 475 1909 re
502 1867 579 1910 usus
609 1846 724 1911 elatius
748 1869 782 1911 se
805 1867 916 1932 gerere
939 1847 1045 1930 coepit
1068 1869 1133 1912 ma·

133 1938 280 2017 ioresque
303 1936 453 2015 appetere
475 1954 535 1997 res.
573 1955 648 1997 nam
671 1955 744 1998 cum
766 1934 925 2017 Byzantio
948 1939 1132 2021 expugnato

133 2022 272 2106 cepisset
290 2020 469 2102 complures
488 2019 660 2093 Persarum
677 2021 803 2085 nobiles
823 2026 920 2103 atque
938 2023 973 2085 in
991 2024 1037 2087 eis
1056 2045 1133 2087 non·

133 2110 239 2176 nullos
262 2108 348 2192 regia
371 2108 584 2191 propinquos,
610 2107 670 2171 hos
695 2108 778 2171 clam
801 2107 900 2171 Xerxi
923 2109 1062 2193 remisit,
1093 2112 1133 2174 si·

134 2199 259 2264 mulans
283 2218 322 2260 ex
343 2194 458 2259 vinclis
481 2195 619 2279 publicis
643 2194 809 2280 effugisse,
832 2199 865 2259 et
888 2218 961 2260 curn
983 2197 1023 2261 iis
1048 2196 1133 2262 Gon-

133 2282 953 2439 tlt}mitt²:32?qutrlttldsslztltssd
966 2284 1132 2439 ἷὲἓῖἓῑῖῗ

99 2461 336 2544 a‘Pausanias,
358 2459 422 2523 dux
443 2394 590 2544 {partae
613 2393 694 2543 duos
712 2458 862 2543 Byzantii
885 2396 1023 2547 ceperit,
1045 2423 1133 2546 post

135 2569 231 2632 quam
262 2547 461 2631 propinquos
494 2551 568 2612 tuos
598 2547 763 2633 cognovit,
795 2548 856 2612 tibi
888 2551 1014 2614 muneri
1042 2550 1133 2614 misit

134 2656 231 2718 seque
254 2639 361 2700 tecum
384 2634 543 2700 affinitate
566 2636 718 2721 coniungi
741 2636 843 2721 cupit:
881 2659 992 2722 quare,
1019 2639 1048 2703 si
1070 2639 1132 2702 tibi

98 2723 269 2805 evidetur,
292 2724 347 2787 des
370 2724 400 2787 ei
422 2723 523 2788 filiam
546 2728 637 2788 tuam
658 2727 804 2808 nuptum.
846 2726 880 2790 id
903 2727 931 2790 si
953 2726 1076 2809 feceris,
1100 2731 1133 2791 et

135 2810 286 2894 Spartam
313 2815 347 2874 et
373 2816 514 2876 ceteram
537 2810 706 2876 Graeciam
733 2813 793 2877 sub
821 2817 911 2878 tuam
935 2818 1133 2898 potestatem

134 2920 168 2963 se
196 2899 366 2963 adiurante
393 2904 420 2963 te
442 2899 647 2965 redacturum
674 2901 855 2984 pollicetur.
900 2901 951 2965 his
974 2902 1012 2966 de
1035 2903 1132 2967 rebus

99 3088 115 3138 5
133 2987 162 3137 pi
181 2986 258 3069 quid
273 3008 367 3072 agere
380 2988 530 3138 roluplris,
549 2992 673 3139 cprtum
691 2989 860 3141 homtinprrlrl
869 2988 1000 3089 adeum
1019 2989 1132 3142 miptps

133 3095 212 3226 dl
234 3096 308 3226 tl
332 3096 741 3249 ltdttttfflagt
770 3097 1133 3250 dedititiae&

133 3250 243 3314 festim
267 3273 339 3314 eum
363 3251 501 3334 epistula
524 3251 723 3316 Artabazum
746 3251 786 3316 ad
804 3251 996 3317 Pausaniam
1021 3255 1133 3339 mittit,

133 3338 166 3401 in
190 3359 254 3420 qua
277 3360 349 3403 eum
373 3340 536 3403 collaudat
562 3359 598 3405 uo
624 3341 722 3424 petit,
747 3361 787 3404 ne
815 3341 866 3405 cui
889 3341 935 3404 rei
958 3347 1070 3424 pareat
1093 3344 1132 3407 ad

133 3446 171 3488 ea
194 3426 374 3511 efficienda,
398 3449 478 3510 quae
501 3427 722 3510 polliceretur:
757 3430 784 3491 si
806 3427 991 3513 perfecerit,
1013 3430 1133 3495 nullius

91 3531 113 3574 o
125 3513 177 3574 rei
192 3535 213 3574 a
230 3535 268 3576 se
284 3515 448 3595 repulsam
470 3517 620 3580 laturum.
656 3516 752 3581 huius
771 3515 947 3582 Pausanias
966 3519 1132 3585 voluntate
