2460 3848
437 214 484 269 111
503 213 635 271 conon.
663 222 688 272 1.
701 221 728 272 1.
1044 215 1088 281 35

174 358 346 424 Defecerat
368 381 389 424 a
406 379 482 444 rege
500 358 741 444 Tissaphernes,
763 381 867 443 neque
889 359 922 424 id
945 364 1013 425 tam
1029 359 1088 424 Ar-
1105 363 1127 428 3

87 447 212 512 taxerxi
249 468 346 530 quam
382 447 498 512 ceteris
535 450 605 511 erat
640 452 807 532 apertum:
847 448 960 512 multis
1001 449 1087 513 enim

87 537 278 622 magnisque
301 535 427 599 meritis
451 534 536 618 apud
559 555 681 620 regem,
704 536 803 601 etiam
826 558 900 601 cum
921 537 957 600 in
979 535 1087 601 officio

85 646 152 688 non
170 627 324 706 maneret,
342 624 480 688 valebat
515 645 618 706 neque
636 624 669 687 id
688 627 757 688 erat
772 624 962 709 mirandum,
981 624 1101 689 sinon·

86 712 181 776 facile
204 711 244 777 ad
267 711 458 776 credendum
481 711 708 797 adducebatur,
730 713 938 778 reminiscens
961 712 1030 777 1111
1053 734 1088 777 11

87 822 185 884 opera
220 798 342 884 Cyrum
381 799 518 863 fratrem
553 820 731 884 superasse.
781 801 877 865 huius
918 801 1123 868 accusandis

86 889 194 974 gratia
217 886 329 953 Conon
352 910 371 952 a
392 887 602 953 Pharnabazo
626 889 666 952 ad
688 909 798 974 regem
821 889 940 953 missus
962 892 1088 971 postea-

87 998 184 1060 quam
197 977 295 1060 venit,
313 976 454 1060 primum
469 998 507 1040 111
521 997 610 1040 more
625 976 798 1042 Persarum
812 977 853 1041 ad
867 976 1088 1060 chiliarchum,

86 1065 142 1148 qui
171 1065 346 1130 secundum
376 1065 512 1149 gradum
543 1065 670 1148 imperii
701 1067 847 1150 tenebat,
878 1065 1089 1129 Tithrausten

85 1153 223 1219 accessit
245 1174 342 1236 seque
367 1157 419 1218 ost
405 1153 511 1217 tendit
533 1174 606 1217 cum
628 1174 704 1238 rege
728 1153 869 1237 colloqui
891 1153 982 1218 velle.
1012 1153 1088 1218 huic
1106 1173 1123 1221 a

85 1241 141 1306 1111
165 1240 276 1306 nulla'
300 1240 440 1324 inquit
442 1262 534 1305 mora
561 1245 625 1326 est,
654 1242 710 1305 sed
737 1245 774 1306 tu
796 1242 951 1326 delibera,
978 1245 1089 1306 utrum

86 1330 226 1413 colloqui
245 1328 339 1392 malis
358 1350 476 1412 anper
493 1329 620 1394 litteras
645 1351 739 1414 agere
763 1352 843 1432 quae
867 1293 1002 1416 cogitas.
1036 1351 1089 1394 ne

86 1439 174 1482 cesse
198 1420 249 1480 est
272 1417 367 1501 enim,
391 1417 418 1481 si
440 1416 477 1480 in
499 1422 708 1501 conspectum
730 1418 864 1504 veneris,
887 1419 1032 1483 venerari
1055 1422 1088 1484 te

85 1526 196 1591 regem
229 1505 329 1588 [quod
364 1505 572 1584 προεκύνηειν
608 1506 657 1569 illi
690 1509 820 1588 vocant]
855 1470 967 1591 (nemo
1001 1507 1088 1571 enim

86 1594 155 1658 sine
177 1593 239 1657 hoc
263 1590 471 1677 admittitur).
515 1593 627 1657 hoc
602 1615 630 1656 11
653 1593 715 1657 tibi
742 1615 840 1679 grave
864 1597 927 1678 est,
956 1616 1014 1678 per
1036 1616 1087 1658 me

84 1681 187 1746 nihilo
221 1682 322 1745 setius
354 1681 450 1744 editis
483 1680 644 1745 mandatis
674 1682 824 1746 conficies
848 1681 934 1764 quod
957 1681 1087 1746 studes?

84 1773 156 1834 tum
175 1767 289 1834 Conon
307 1768 400 1831 ‘mihi
418 1767 506 1833 vero'
525 1769 632 1851 inquit
650 1768 727 1833 ‘non
749 1774 800 1833 111
822 1789 920 1854 grave
942 1770 1086 1851 quemvis
1105 1787 1124 1838 1

84 1857 242 1922 honorem
263 1856 382 1919 habere
406 1856 484 1941 regi,
507 1856 563 1920 sed
585 1878 698 1921 vereor
718 1879 759 1922 ne
783 1857 909 1922 civitati
931 1879 1021 1922 meac
1044 1858 1088 1923 sit

86 1944 274 2028 opprobrio,
305 1943 346 2028 si,
369 1964 443 2007 cum
465 1964 504 2007 ex
526 1966 564 2008 ea
587 1945 648 2009 sim
671 1945 844 2030 profectus,
867 1967 948 2029 quae
972 1947 1087 2012 ceteris

85 2033 239 2119 gentibus
257 2032 415 2116 imperare
435 2033 607 2118 consuerit,
629 2034 739 2117 potius
758 2035 971 2099 barbarorum
990 2056 1087 2118 quam

84 2121 174 2185 illius
198 2142 286 2185 more
309 2119 448 2206 fungar?
480 2121 590 2204 itaque
614 2143 695 2205 quae
718 2123 849 2188 volebat
871 2123 946 2188 huic
966 2123 1088 2206 scripta

84 2209 227 2274 tradidit.

173 2282 298 2374 Quibus¹
321 2297 461 2382 cognitis
484 2319 541 2361 rex
563 2301 692 2362 tantum
714 2299 909 2362 auctoritate
933 2298 1001 2362 eius
1021 2301 1127 2366 111-4

85 2389 138 2450 111
161 2390 225 2469 111,
251 2389 290 2450 11
312 2389 345 2449 11
367 2385 616 2469 Tissaphernem
642 2386 772 2450 hostem
798 2385 950 2450 iudicarit
972 2390 1006 2450 11
1028 2384 1087 2450 La

85 2473 307 2538 cedaemonios
335 2473 421 2538 bello
449 2475 599 2557 persequi
626 2474 758 2538 iusserit
785 2478 818 2537 et
846 2473 876 2536 ei
902 2473 1087 2557 permiserit
1217 2507 1218 2510 ¹

85 2584 181 2645 quem
208 2561 306 2625 vellet
333 2560 451 2646 eligere
480 2561 520 2624 ad
552 2561 799 2644 dispensandam
830 2561 1008 2644 pecuniam.
1053 2562 1086 2627 id

84 2649 258 2714 arbitrium
281 2646 395 2713 Conon
415 2648 548 2734 negavit
571 2649 621 2712 111
644 2670 713 2714 1111
738 2649 873 2733 consilii,
896 2649 952 2713 sed
973 2650 1086 2736 ipsius,

85 2738 140 2821 qui
164 2737 285 2820 optime
308 2756 384 2800 suos
406 2757 502 2801 nosse
525 2736 669 2821 deberet,
697 2737 752 2800 sed
775 2758 808 2800 se
832 2737 964 2801 suadere
987 2738 1086 2803 Phar·

83 2826 207 2889 nabazo
230 2825 264 2888 id
286 2823 411 2908 negotii
433 2824 533 2888 daret.
573 2824 648 2889 hinc
671 2825 798 2909 magnis
823 2826 1009 2905 muneribus
1032 2827 1120 2893 dou

83 2918 180 2978 natus
203 2913 244 2977 ad
267 2933 355 2976 mare
378 2915 428 2975 111
451 2911 579 2996 missus,
601 2917 640 2976 ut
662 2911 789 2997 Cypriis
813 2918 846 2978 11
868 2913 1085 2979 Phoenicibus

85 3001 263 3085 ceterisque
295 2999 469 3064 maritimis
498 2999 684 3064 civitatibus
711 3022 809 3065 naves
840 3002 955 3087 longas
987 3002 1086 3085 impe-

84 3094 173 3154 raret
204 3090 421 3173 classemque,
454 3109 518 3171 qua
547 3089 694 3171 proxima
726 3093 849 3155 aestate
882 3111 969 3154 mare
1001 3091 1086 3153 tueri

84 3181 210 3262 posset,
237 3180 452 3261 compararet,
481 3176 557 3240 dato
581 3177 727 3241 adiutore
749 3176 973 3262 Pharnabazo,
1001 3179 1086 3242 sicut

84 3265 154 3348 ipse
187 3266 342 3330 voluerat.
386 3265 420 3329 id
449 3269 486 3329 ut
515 3263 777 3330 Lacedaemoniis
808 3271 859 3331 est
889 3266 1084 3350 nuntiatum,
1103 3282 1120 3332 3

83 3374 149 3418 non
172 3353 240 3417 sine
264 3375 340 3418 cura
363 3375 431 3417 rem
454 3353 696 3455 administrant,
726 3354 812 3437 quod
835 3355 939 3418 maius
961 3317 1085 3418 belluni

84 3441 251 3505 imminere
275 3442 525 3526 arbitrabantur,
548 3463 645 3526 quam
671 3443 699 3506 si
721 3463 799 3507 cum
816 3443 967 3505 barbaro
987 3442 1111 3498 actm

85 3529 322 3595 contenderent
299 3533 430 3597 tnam
453 3530 572 3599 ducem
591 3530 723 3599 lortem
743 3535 775 3596 ct
793 3527 1138 3666 1111111ξὲῑῦἱῦ
