2460 3848
464 217 498 272 X.
517 218 614 275 DION.
643 225 667 274 8.
687 225 703 274 9
1046 222 1088 284 41

175 361 265 427 Haec
291 362 348 428 ille
376 362 505 429 intuens
530 384 603 428 cum
626 385 723 447 quem
745 363 786 428 ad
809 364 940 429 modum
963 366 1129 433 sedaret8

86 449 228 515 nesciret
259 454 293 516 et
325 472 480 534 quorsum
511 451 683 516 evaderent
718 452 862 536 timeret,
899 451 1090 520 Callicrates

87 539 228 623 quidam,
252 539 330 605 civis
349 538 568 624 Atheniensis,
591 540 647 623 qui
671 540 767 605 simul
790 562 864 605 cum
886 563 924 606 eo
943 564 983 605 ex
1000 541 1092 607 Pelo·

86 648 231 712 ponnesc
254 627 289 692 in
313 625 458 692 Siciliam
480 632 626 712 venerat,
652 628 751 693 homo
780 632 814 693 et
836 628 971 693 callidus
994 633 1028 693 et
1051 630 1091 694 ad

88 714 234 780 fraudem
261 719 389 800 acutus,
416 716 485 781 sine
511 716 580 780 ulla
602 715 758 801 religione
781 738 819 781 ac
841 717 919 801 fide,
946 717 1028 782 adiit
1050 717 1091 782 ad

87 801 228 867 Dionem
255 808 289 869 ct
316 805 376 869 ait:
404 826 477 868 eum
499 825 618 890 magno
641 804 676 867 in
698 804 841 887 periculo
865 826 934 869 esse
957 810 1126 890 proptera

89 890 298 956 offensionem
315 893 428 977 populi
443 897 476 957 et
491 893 600 957 odium
618 892 771 975 militum,
791 893 876 976 quod
889 892 979 957 nullo
994 895 1090 959 modo

89 981 210 1045 evitare
232 985 353 1065 posset,
374 981 439 1046 nisi
458 980 555 1046 alicui
574 1002 706 1045 suorum
723 981 892 1066 negotium
911 981 1012 1066 daret,
1035 982 1091 1065 qui

89 1089 123 1132 se
138 1069 306 1133 simularet
319 1069 369 1133 illi
383 1069 558 1134 inimicum.
589 1091 685 1152 quem
699 1069 727 1133 si
740 1069 918 1134 invenisset
931 1069 1092 1155 idoneum,

88 1155 182 1222 facile
202 1157 346 1222 omnium
364 1158 489 1222 animos
509 1157 716 1242 cogniturum
735 1157 999 1241 adversariosque
1018 1158 1092 1222 sub·

88 1244 240 1329 laturum,
258 1244 344 1329 quod
362 1246 485 1310 inimici
504 1246 572 1310 eius
592 1245 761 1310 dissidenti
779 1267 855 1310 suos
874 1267 987 1311 sensus
1002 1267 1092 1330 aper-

88 1334 155 1397 turi
185 1333 301 1398 forent.
347 1334 406 1397 tali
430 1334 565 1399 oonsilio
588 1335 727 1417 probato
751 1334 877 1417 excepit
899 1334 959 1398 has
981 1338 1127 1418 partess

88 1421 158 1504 ipse
182 1419 372 1486 Callicrates
395 1425 429 1486 et
452 1444 486 1487 se
509 1425 616 1485 armat
642 1421 859 1505 imprudentia
882 1422 1007 1487 Dionis.
1052 1423 1093 1486 ad

88 1530 163 1573 eum
185 1508 445 1575 interficiundum
468 1510 573 1574 socios
598 1509 776 1594 conquirit,
799 1510 1000 1575 adversarios
1023 1510 1092 1575 eius

89 1597 249 1680 convenit,
271 1598 493 1663 coniuratione
517 1598 695 1662 confirmat.
730 1619 795 1680 res,
818 1598 930 1661 multis
954 1599 1092 1662 consciis
1111 1615 1128 1664 s

89 1707 171 1768 quae
185 1690 344 1770 ageretur,
363 1687 449 1750 elata
463 1685 606 1750 defertur
620 1684 660 1748 ad
674 1683 933 1769 Aristomachen,
948 1706 1093 1750 sororem

87 1771 218 1856 Dionis,
245 1795 441 1856 uxoremque
468 1772 600 1836 Areten.
645 1772 720 1836 illae
751 1772 868 1836 timore
900 1773 1092 1857 perterritae

89 1862 293 1945 conveniunt,
316 1861 406 1925 cuius
429 1861 468 1926 de
490 1860 634 1944 periculo
658 1859 826 1924 timebant.
863 1865 898 1924 at
920 1861 975 1926 ille
993 1865 1094 1946 negat

89 1970 108 2012 a
131 1947 304 2014 Callicrate
328 1949 398 2012 fieri
421 1949 484 2013 sibi
507 1948 655 2032 insidias,
683 1948 738 2013 sed
760 1948 834 2032 illa,
857 1971 939 2032 quae
963 1970 1093 2035 ageren-

88 2041 151 2120 tur,
173 2037 244 2102 fieri
265 2041 438 2121 praecepto
462 2058 530 2101 suo.
571 2036 722 2101 mulieres
744 2036 847 2101 nihilo
872 2037 972 2102 setius
996 2036 1128 2104 Calli-5

89 2129 212 2190 cratem
224 2126 259 2190 in
273 2127 385 2191 aedem
394 2125 606 2210 Proserpinae
621 2125 783 2190 deducunt
792 2147 829 2190 ao
843 2126 949 2190 iurare
963 2130 1092 2211 cogunt,

87 2214 170 2278 nihil
198 2215 239 2278 ab
267 2213 325 2278 illo
351 2214 487 2297 periculi
513 2213 583 2278 fore
610 2212 718 2277 Dioni.
764 2214 819 2279 ille
846 2214 908 2278 hac
935 2214 1092 2298 religione

87 2300 267 2371 nonlmodo
285 2324 351 2367 non
369 2307 421 2366 est
438 2303 621 2385 deterritus,
644 2301 700 2366 sed
719 2302 759 2365 ad
773 2301 1001 2365 maturandum
1020 2323 1092 2366 con-

89 2391 208 2454 citatus
228 2394 288 2474 est,
306 2412 418 2455 verens
436 2412 477 2454 ne
495 2391 585 2475 prius
605 2389 775 2454 consilium
794 2389 974 2473 aperiretur
989 2409 1092 2472 suum,

90 2500 187 2562 quam
210 2479 356 2563 cogitata
377 2478 575 2561 perfecisset.

10 2646 12 2652 Ι
176 2565 248 2630 Hac
275 2571 382 2629 mente
410 2567 558 2648 proximo
586 2565 637 2629 die
664 2564 764 2649 festo,
794 2585 867 2628 oum
889 2585 909 2627 a
932 2565 1131 2631 conventui)

90 2675 124 2719 se
143 2657 304 2718 remotum
317 2652 404 2717 Dion
422 2653 510 2718 domi
528 2656 654 2718 teneret
672 2657 770 2735 atque
788 2651 823 2715 in
842 2651 986 2717 conclavi
1004 2653 1091 2718 edito

89 2741 303 2824 recubuisset,
337 2741 474 2805 consciis
497 2740 650 2805 facinoris
677 2740 749 2804 loca
776 2740 953 2804 munitiora
981 2741 1091 2826 oppidi

89 2829 209 2914 tradit,
241 2828 373 2893 domurn
404 2829 559 2893 custodiis
592 2829 714 2912 saepit,
745 2850 765 2892 a
792 2826 915 2893 foribus
945 2830 1000 2912 qui
1026 2850 1092 2893 non

90 2917 269 3000 discedant,
299 2921 404 2981 certos
431 2917 592 2999 praeficit,
620 2937 736 2979 navem
764 2915 930 2980 triremem
957 2917 1128 2982 armatisa

91 3010 186 3071 ornat
217 3005 497 3088 Philostratoque,
529 3004 624 3069 fratri
654 3024 728 3086 suo,
760 3004 861 3068 tradit
893 3027 1026 3088 eamque
1058 3005 1093 3068 in

90 3099 188 3177 portu
211 3094 336 3179 agitare
359 3093 460 3176 iubet,
482 3097 520 3156 ut
543 3093 571 3156 si
594 3113 740 3156 exercere
759 3092 898 3177 remiges
917 3093 1024 3175 vellet,
1042 3114 1092 3157 co·

91 3182 209 3267 gitans,
227 3183 255 3246 si
273 3180 359 3246 forte
373 3180 517 3245 consiliis
533 3179 717 3244 obstitisset
735 3179 875 3264 fortuna,
893 3186 931 3245 ut
949 3180 1092 3264 haberet,

91 3291 156 3353 qua
178 3269 347 3354 aufugeret
370 3269 410 3333 ad
438 3269 585 3333 salutem.
630 3288 762 3333 suorum
785 3273 895 3333 autem
918 3285 1127 3334 enumeres

90 3357 285 3441 Zacynthios
309 3357 528 3422 adulescentes
553 3356 709 3440 quosdam
732 3357 825 3441 eligit
849 3379 921 3422 cum
951 3357 1093 3422 audacis·

91 3447 191 3512 simos
215 3451 286 3510 tum
307 3446 430 3510 viribus
453 3445 617 3529 maximia,
639 3445 744 3528 iisque
767 3445 828 3509 dat
846 3445 1050 3526 negotium,
1063 3453 1116 3530 ss}

89 3535 228 3600 Dionem
252 3537 327 3598 eant
349 3531 505 3619 inermes,
535 3535 584 3603 sic
605 3540 648 3602 ut
671 3532 901 3602 conuenienti
921 3529 1000 3589 c'xus
1020 3523 1146 3600 grabi-‘e
