<?xml version="1.0" encoding="UTF-8"?>
<!DOCTYPE html PUBLIC "-//W3C//DTD XHTML 1.0 Transitional//EN"
    "http://www.w3.org/TR/xhtml1/DTD/xhtml1-transitional.dtd">
<html xmlns="http://www.w3.org/1999/xhtml" xml:lang="en" lang="en">
 <head>
  <title>
</title>
<meta http-equiv="Content-Type" content="text/html;charset=utf-8" />
  <meta name='ocr-system' content='tesseract 3.04.00' />
  <meta name='ocr-capabilities' content='ocr_page ocr_carea ocr_par ocr_line ocrx_word'/>
</head>
<body>
  <div class='ocr_page' id='page_1' title='image "./corneliinepotis03halmgoog_0031.png"; bbox 0 0 2460 3848; ppageno 0'>
   <div class='ocr_carea' id='block_1_1' title="bbox 131 195 813 269">
    <p class='ocr_par' dir='ltr' id='par_1_1' title="bbox 131 195 813 269">
     <span class='ocr_line' id='line_1_1' title="bbox 131 195 813 269; baseline 0.009 -22"><span class='ocrx_word' id='word_1_1' title='bbox 131 197 173 261; x_wconf 82' lang='lat'>18</span> <span class='ocrx_word' id='word_1_2' title='bbox 438 195 715 269; x_wconf 69' lang='lat' dir='ltr'>rurensihus.</span> <span class='ocrx_word' id='word_1_3' title='bbox 744 203 768 250; x_wconf 78' lang='grc'>1.</span> <span class='ocrx_word' id='word_1_4' title='bbox 789 205 813 253; x_wconf 80' lang='lat' dir='ltr'>e.</span> 
     </span>
    </p>
   </div>
   <div class='ocr_carea' id='block_1_2' title="bbox 90 341 1134 3599">
    <p class='ocr_par' dir='ltr' id='par_1_2' title="bbox 130 341 1134 514">
     <span class='ocr_line' id='line_1_2' title="bbox 130 341 1134 427; baseline -0.001 -20"><span class='ocrx_word' id='word_1_5' title='bbox 130 341 243 407; x_wconf 91' lang='lat' dir='ltr'>eodem</span> <span class='ocrx_word' id='word_1_6' title='bbox 265 341 356 405; x_wconf 90' lang='lat' dir='ltr'>missi</span> <span class='ocrx_word' id='word_1_7' title='bbox 385 345 491 425; x_wconf 89' lang='lat' dir='ltr'>erant,</span> <span class='ocrx_word' id='word_1_8' title='bbox 520 341 627 406; x_wconf 82' lang='lat' dir='ltr'>vincla</span> <span class='ocrx_word' id='word_1_9' title='bbox 650 342 807 425; x_wconf 90' lang='lat' dir='ltr'>epistulae</span> <span class='ocrx_word' id='word_1_10' title='bbox 830 342 952 406; x_wconf 80' lang='lat' dir='ltr'>laxavit</span> <span class='ocrx_word' id='word_1_11' title='bbox 975 341 1134 427; x_wconf 89' lang='lat' dir='ltr'>signoque</span> 
     </span>
     <span class='ocr_line' id='line_1_3' title="bbox 130 429 1133 514; baseline 0.001 -20"><span class='ocrx_word' id='word_1_12' title='bbox 130 432 275 494; x_wconf 89' lang='lat' dir='ltr'>detracto</span> <span class='ocrx_word' id='word_1_13' title='bbox 296 430 457 514; x_wconf 81' lang='lat' dir='ltr'>cognovit,</span> <span class='ocrx_word' id='word_1_14' title='bbox 480 429 509 493; x_wconf 86' lang='lat' dir='ltr'>si</span> <span class='ocrx_word' id='word_1_15' title='bbox 526 429 725 514; x_wconf 74' lang='lat' dir='ltr'>pertulisset,</span> <span class='ocrx_word' id='word_1_16' title='bbox 749 430 811 494; x_wconf 89' lang='lat' dir='ltr'>sibi</span> <span class='ocrx_word' id='word_1_17' title='bbox 831 451 901 494; x_wconf 87' lang='lat' dir='ltr'>esse</span> <span class='ocrx_word' id='word_1_18' title='bbox 924 430 1133 513; x_wconf 88' lang='lat' dir='ltr'>pereundum.</span> 
     </span>
    </p>

    <p class='ocr_par' dir='ltr' id='par_1_3' title="bbox 94 517 1133 692">
     <span class='ocr_line' id='line_1_4' title="bbox 94 517 1133 602; baseline 0 -20"><span class='ocrx_word' id='word_1_19' title='bbox 94 534 111 582; x_wconf 79' lang='lat'>2</span> <span class='ocrx_word' id='word_1_20' title='bbox 131 523 224 583; x_wconf 87' lang='lat' dir='ltr'>erant</span> <span class='ocrx_word' id='word_1_21' title='bbox 242 518 276 581; x_wconf 91' lang='lat' dir='ltr'>in</span> <span class='ocrx_word' id='word_1_22' title='bbox 295 518 406 582; x_wconf 88' lang='lat' dir='ltr'>eadem</span> <span class='ocrx_word' id='word_1_23' title='bbox 425 517 565 602; x_wconf 74' lang='lat' dir='ltr'>epistula</span> <span class='ocrx_word' id='word_1_24' title='bbox 588 538 669 600; x_wconf 91' lang='lat' dir='ltr'>quae</span> <span class='ocrx_word' id='word_1_25' title='bbox 693 518 733 582; x_wconf 93' lang='lat' dir='ltr'>ad</span> <span class='ocrx_word' id='word_1_26' title='bbox 752 539 789 582; x_wconf 90' lang='lat' dir='ltr'>ea</span> <span class='ocrx_word' id='word_1_27' title='bbox 810 519 1026 602; x_wconf 84' lang='lat' dir='ltr'>pertinebant,</span> <span class='ocrx_word' id='word_1_28' title='bbox 1050 539 1133 602; x_wconf 89' lang='lat' dir='ltr'>quae</span> 
     </span>
     <span class='ocr_line' id='line_1_5' title="bbox 129 605 1133 692; baseline 0 -21"><span class='ocrx_word' id='word_1_29' title='bbox 129 607 215 671; x_wconf 89' lang='lat' dir='ltr'>iuter</span> <span class='ocrx_word' id='word_1_30' title='bbox 237 627 346 692; x_wconf 89' lang='lat' dir='ltr'>regem</span> <span class='ocrx_word' id='word_1_31' title='bbox 368 605 627 689; x_wconf 81' lang='lat' dir='ltr'>Pausaniamque</span> <span class='ocrx_word' id='word_1_32' title='bbox 650 610 874 670; x_wconf 85' lang='lat' dir='ltr'>convenerant.</span> <span class='ocrx_word' id='word_1_33' title='bbox 919 606 978 671; x_wconf 86' lang='lat' dir='ltr'>has</span> <span class='ocrx_word' id='word_1_34' title='bbox 1001 606 1057 671; x_wconf 86' lang='lat' dir='ltr'>ille</span> <span class='ocrx_word' id='word_1_35' title='bbox 1079 607 1133 671; x_wconf 79' lang='lat' dir='ltr'>lit</span> 
     </span>
    </p>

    <p class='ocr_par' dir='ltr' id='par_1_4' title="bbox 94 693 1133 1043">
     <span class='ocr_line' id='line_1_6' title="bbox 94 693 1131 780; baseline 0.002 -22"><span class='ocrx_word' id='word_1_36' title='bbox 94 711 110 758; x_wconf 85' lang='lat'><strong>3</strong></span> <span class='ocrx_word' id='word_1_37' title='bbox 129 699 217 759; x_wconf 90' lang='lat' dir='ltr'>teras</span> <span class='ocrx_word' id='word_1_38' title='bbox 240 693 369 777; x_wconf 86' lang='lat' dir='ltr'>ephoris</span> <span class='ocrx_word' id='word_1_39' title='bbox 393 693 535 758; x_wconf 79' lang='lat' dir='ltr'>tradidit.</span> <span class='ocrx_word' id='word_1_40' title='bbox 571 715 637 759; x_wconf 91' lang='lat' dir='ltr'>nou</span> <span class='ocrx_word' id='word_1_41' title='bbox 660 698 711 758; x_wconf 88' lang='grc'>111</span> <span class='ocrx_word' id='word_1_42' title='bbox 732 695 965 778; x_wconf 88' lang='lat' dir='ltr'>praetereunda</span> <span class='ocrx_word' id='word_1_43' title='bbox 988 695 1131 780; x_wconf 86' lang='lat' dir='ltr'>gravitas</span> 
     </span>
     <span class='ocr_line' id='line_1_7' title="bbox 129 782 1133 866; baseline -0.001 -19"><span class='ocrx_word' id='word_1_44' title='bbox 129 782 457 847; x_wconf 81' lang='lat' dir='ltr'>Lacedaemoniorum</span> <span class='ocrx_word' id='word_1_45' title='bbox 488 782 550 847; x_wconf 92' lang='lat' dir='ltr'>hoc</span> <span class='ocrx_word' id='word_1_46' title='bbox 581 783 662 846; x_wconf 87' lang='lat' dir='ltr'>loeo.</span> <span class='ocrx_word' id='word_1_47' title='bbox 707 804 783 846; x_wconf 92' lang='lat' dir='ltr'>nam</span> <span class='ocrx_word' id='word_1_48' title='bbox 809 804 850 847; x_wconf 90' lang='lat' dir='ltr'>ne</span> <span class='ocrx_word' id='word_1_49' title='bbox 877 782 973 848; x_wconf 91' lang='lat' dir='ltr'>huius</span> <span class='ocrx_word' id='word_1_50' title='bbox 1002 783 1133 866; x_wconf 90' lang='lat' dir='ltr'>quidem</span> 
     </span>
     <span class='ocr_line' id='line_1_8' title="bbox 129 869 1133 956; baseline 0 -21"><span class='ocrx_word' id='word_1_51' title='bbox 129 871 247 935; x_wconf 84' lang='lat' dir='ltr'>indicio</span> <span class='ocrx_word' id='word_1_52' title='bbox 274 870 407 954; x_wconf 84' lang='lat' dir='ltr'>impulsi</span> <span class='ocrx_word' id='word_1_53' title='bbox 435 874 512 935; x_wconf 87' lang='lat' dir='ltr'>sunt</span> <span class='ocrx_word' id='word_1_54' title='bbox 538 875 576 934; x_wconf 91' lang='lat' dir='ltr'>ut</span> <span class='ocrx_word' id='word_1_55' title='bbox 598 869 792 934; x_wconf 87' lang='lat' dir='ltr'>Pausaniam</span> <span class='ocrx_word' id='word_1_56' title='bbox 816 871 1133 956; x_wconf 79' lang='lat' dir='ltr'>comprehenderent,</span> 
     </span>
     <span class='ocr_line' id='line_1_9' title="bbox 128 958 1133 1043; baseline 0 -19"><span class='ocrx_word' id='word_1_57' title='bbox 128 980 232 1043; x_wconf 90' lang='lat' dir='ltr'>neque</span> <span class='ocrx_word' id='word_1_58' title='bbox 249 959 340 1042; x_wconf 87' lang='lat' dir='ltr'>prius</span> <span class='ocrx_word' id='word_1_59' title='bbox 354 959 421 1023; x_wconf 80' lang='lat' dir='ltr'>rim</span> <span class='ocrx_word' id='word_1_60' title='bbox 439 958 653 1023; x_wconf 86' lang='lat' dir='ltr'>adhibendam</span> <span class='ocrx_word' id='word_1_61' title='bbox 671 961 877 1043; x_wconf 84' lang='lat' dir='ltr'>putaverunt,</span> <span class='ocrx_word' id='word_1_62' title='bbox 896 981 994 1042; x_wconf 88' lang='lat' dir='ltr'>quam</span> <span class='ocrx_word' id='word_1_63' title='bbox 1008 981 1043 1023; x_wconf 91' lang='lat' dir='ltr'>se</span> <span class='ocrx_word' id='word_1_64' title='bbox 1061 960 1133 1043; x_wconf 85' lang='lat' dir='ltr'>ipse</span> 
     </span>
    </p>

    <p class='ocr_par' dir='ltr' id='par_1_5' title="bbox 91 1045 1133 1484">
     <span class='ocr_line' id='line_1_10' title="bbox 91 1045 1132 1131; baseline 0.002 -22"><span class='ocrx_word' id='word_1_65' title='bbox 91 1062 110 1109; x_wconf 83' lang='lat'>4</span> <span class='ocrx_word' id='word_1_66' title='bbox 128 1047 311 1112; x_wconf 88' lang='lat' dir='ltr'>indicasset.</span> <span class='ocrx_word' id='word_1_67' title='bbox 344 1047 455 1129; x_wconf 87' lang='lat' dir='ltr'>itaque</span> <span class='ocrx_word' id='word_1_68' title='bbox 473 1046 549 1110; x_wconf 91' lang='lat' dir='ltr'>huic</span> <span class='ocrx_word' id='word_1_69' title='bbox 567 1045 674 1130; x_wconf 81' lang='lat' dir='ltr'>indici,</span> <span class='ocrx_word' id='word_1_70' title='bbox 698 1047 775 1130; x_wconf 91' lang='lat' dir='ltr'>quid</span> <span class='ocrx_word' id='word_1_71' title='bbox 797 1047 868 1112; x_wconf 84' lang='lat' dir='ltr'>fieri</span> <span class='ocrx_word' id='word_1_72' title='bbox 890 1048 1019 1131; x_wconf 82' lang='lat' dir='ltr'>vellent,</span> <span class='ocrx_word' id='word_1_73' title='bbox 1041 1069 1132 1131; x_wconf 89' lang='lat' dir='ltr'>prae-</span> 
     </span>
     <span class='ocr_line' id='line_1_11' title="bbox 128 1133 1132 1220; baseline -0.002 -19"><span class='ocrx_word' id='word_1_74' title='bbox 128 1140 291 1219; x_wconf 90' lang='lat' dir='ltr'>ceperunt.</span> <span class='ocrx_word' id='word_1_75' title='bbox 335 1133 447 1198; x_wconf 87' lang='lat' dir='ltr'>fanum</span> <span class='ocrx_word' id='word_1_76' title='bbox 473 1133 620 1217; x_wconf 87' lang='lat' dir='ltr'>Neptuni</span> <span class='ocrx_word' id='word_1_77' title='bbox 647 1138 698 1199; x_wconf 90' lang='lat' dir='ltr'>est</span> <span class='ocrx_word' id='word_1_78' title='bbox 725 1134 875 1220; x_wconf 83' lang='lat' dir='ltr'>Taenari,</span> <span class='ocrx_word' id='word_1_79' title='bbox 903 1136 988 1219; x_wconf 93' lang='lat' dir='ltr'>quod</span> <span class='ocrx_word' id='word_1_80' title='bbox 1015 1136 1132 1200; x_wconf 81' lang='lat' dir='ltr'>violari</span> 
     </span>
     <span class='ocr_line' id='line_1_12' title="bbox 128 1221 1133 1309; baseline -0.001 -20"><span class='ocrx_word' id='word_1_81' title='bbox 128 1223 219 1289; x_wconf 86' lang='lat' dir='ltr'>nefas</span> <span class='ocrx_word' id='word_1_82' title='bbox 241 1226 359 1307; x_wconf 87' lang='lat' dir='ltr'>putant</span> <span class='ocrx_word' id='word_1_83' title='bbox 383 1221 506 1287; x_wconf 84' lang='lat' dir='ltr'>Graeci.</span> <span class='ocrx_word' id='word_1_84' title='bbox 550 1244 587 1287; x_wconf 92' lang='lat' dir='ltr'>eo</span> <span class='ocrx_word' id='word_1_85' title='bbox 610 1222 666 1286; x_wconf 89' lang='lat' dir='ltr'>ille</span> <span class='ocrx_word' id='word_1_86' title='bbox 691 1223 812 1306; x_wconf 82' lang='lat' dir='ltr'>[index]</span> <span class='ocrx_word' id='word_1_87' title='bbox 837 1223 984 1309; x_wconf 83' lang='lat' dir='ltr'>confugit</span> <span class='ocrx_word' id='word_1_88' title='bbox 1006 1223 1040 1288; x_wconf 92' lang='lat' dir='ltr'>in</span> <span class='ocrx_word' id='word_1_89' title='bbox 1064 1245 1133 1288; x_wconf 84' lang='lat' dir='ltr'>ara·</span> 
     </span>
     <span class='ocr_line' id='line_1_13' title="bbox 130 1310 1132 1397; baseline 0.001 -21"><span class='ocrx_word' id='word_1_90' title='bbox 130 1333 191 1395; x_wconf 92' lang='lat' dir='ltr'>que</span> <span class='ocrx_word' id='word_1_91' title='bbox 214 1310 368 1377; x_wconf 86' lang='lat' dir='ltr'>consedit.</span> <span class='ocrx_word' id='word_1_92' title='bbox 412 1310 496 1376; x_wconf 90' lang='lat' dir='ltr'>hane</span> <span class='ocrx_word' id='word_1_93' title='bbox 518 1311 610 1375; x_wconf 89' lang='lat' dir='ltr'>iuxta</span> <span class='ocrx_word' id='word_1_94' title='bbox 636 1311 743 1376; x_wconf 90' lang='lat' dir='ltr'>locum</span> <span class='ocrx_word' id='word_1_95' title='bbox 770 1312 917 1377; x_wconf 82' lang='lat' dir='ltr'>fecenmt</span> <span class='ocrx_word' id='word_1_96' title='bbox 946 1312 1006 1377; x_wconf 89' lang='lat' dir='ltr'>sub</span> <span class='ocrx_word' id='word_1_97' title='bbox 1034 1316 1132 1397; x_wconf 88' lang='lat' dir='ltr'>terra,</span> 
     </span>
     <span class='ocr_line' id='line_1_14' title="bbox 129 1399 1131 1484; baseline 0.001 -21"><span class='ocrx_word' id='word_1_98' title='bbox 129 1421 168 1463; x_wconf 83' lang='lat' dir='ltr'>ex</span> <span class='ocrx_word' id='word_1_99' title='bbox 191 1421 253 1483; x_wconf 92' lang='lat' dir='ltr'>quo</span> <span class='ocrx_word' id='word_1_100' title='bbox 276 1402 388 1482; x_wconf 86' lang='lat' dir='ltr'>posset</span> <span class='ocrx_word' id='word_1_101' title='bbox 411 1399 568 1483; x_wconf 85' lang='lat' dir='ltr'>exaudiri,</span> <span class='ocrx_word' id='word_1_102' title='bbox 598 1399 626 1463; x_wconf 88' lang='grc'>11</span> <span class='ocrx_word' id='word_1_103' title='bbox 650 1400 722 1483; x_wconf 91' lang='lat' dir='ltr'>quis</span> <span class='ocrx_word' id='word_1_104' title='bbox 746 1400 823 1484; x_wconf 92' lang='lat' dir='ltr'>quid</span> <span class='ocrx_word' id='word_1_105' title='bbox 846 1401 1035 1484; x_wconf 88' lang='lat' dir='ltr'>loqueretur</span> <span class='ocrx_word' id='word_1_106' title='bbox 1057 1422 1131 1465; x_wconf 90' lang='lat' dir='ltr'>cum</span> 
     </span>
    </p>

    <p class='ocr_par' dir='ltr' id='par_1_6' title="bbox 92 1486 1133 1926">
     <span class='ocr_line' id='line_1_15' title="bbox 92 1486 1132 1576; baseline 0.003 -26"><span class='ocrx_word' id='word_1_107' title='bbox 92 1486 264 1573; x_wconf 80' lang='lat' dir='ltr'>5Argilio.</span> <span class='ocrx_word' id='word_1_108' title='bbox 304 1486 367 1551; x_wconf 91' lang='lat' dir='ltr'>huc</span> <span class='ocrx_word' id='word_1_109' title='bbox 389 1508 429 1552; x_wconf 85' lang='lat' dir='ltr'>ex</span> <span class='ocrx_word' id='word_1_110' title='bbox 452 1487 581 1571; x_wconf 85' lang='lat' dir='ltr'>ephoris</span> <span class='ocrx_word' id='word_1_111' title='bbox 610 1487 741 1576; x_wconf 87' lang='lat' dir='ltr'>quidam</span> <span class='ocrx_word' id='word_1_112' title='bbox 768 1489 1009 1554; x_wconf 85' lang='lat' dir='ltr'>descendenmt.</span> <span class='ocrx_word' id='word_1_113' title='bbox 1049 1488 1132 1553; x_wconf 88' lang='lat' dir='ltr'>Pau·</span> 
     </span>
     <span class='ocr_line' id='line_1_16' title="bbox 128 1575 1131 1662; baseline 0.001 -22"><span class='ocrx_word' id='word_1_114' title='bbox 128 1576 249 1660; x_wconf 88' lang='lat' dir='ltr'>sanias,</span> <span class='ocrx_word' id='word_1_115' title='bbox 270 1579 308 1640; x_wconf 88' lang='lat' dir='ltr'>nt</span> <span class='ocrx_word' id='word_1_116' title='bbox 332 1575 456 1640; x_wconf 86' lang='lat' dir='ltr'>audivit</span> <span class='ocrx_word' id='word_1_117' title='bbox 477 1576 643 1662; x_wconf 80' lang='lat' dir='ltr'>Argilium</span> <span class='ocrx_word' id='word_1_118' title='bbox 666 1576 850 1662; x_wconf 81' lang='lat' dir='ltr'>confugisse</span> <span class='ocrx_word' id='word_1_119' title='bbox 873 1577 908 1642; x_wconf 91' lang='lat' dir='ltr'>in</span> <span class='ocrx_word' id='word_1_120' title='bbox 931 1599 1034 1659; x_wconf 89' lang='lat' dir='ltr'>aram,</span> <span class='ocrx_word' id='word_1_121' title='bbox 1060 1597 1131 1660; x_wconf 90' lang='lat' dir='ltr'>per-</span> 
     </span>
     <span class='ocr_line' id='line_1_17' title="bbox 127 1664 1133 1750; baseline 0 -22"><span class='ocrx_word' id='word_1_122' title='bbox 127 1665 278 1729; x_wconf 85' lang='lat' dir='ltr'>turbatus</span> <span class='ocrx_word' id='word_1_123' title='bbox 301 1664 391 1729; x_wconf 85' lang='lat' dir='ltr'>veuit</span> <span class='ocrx_word' id='word_1_124' title='bbox 413 1685 460 1729; x_wconf 92' lang='lat' dir='ltr'>eo.</span> <span class='ocrx_word' id='word_1_125' title='bbox 506 1686 602 1748; x_wconf 90' lang='lat' dir='ltr'>quem</span> <span class='ocrx_word' id='word_1_126' title='bbox 631 1686 705 1729; x_wconf 91' lang='lat' dir='ltr'>eum</span> <span class='ocrx_word' id='word_1_127' title='bbox 732 1665 911 1750; x_wconf 88' lang='lat' dir='ltr'>supplicem</span> <span class='ocrx_word' id='word_1_128' title='bbox 933 1665 984 1729; x_wconf 93' lang='lat' dir='ltr'>dei</span> <span class='ocrx_word' id='word_1_129' title='bbox 1006 1664 1133 1728; x_wconf 82' lang='lat' dir='ltr'>videret</span> 
     </span>
     <span class='ocr_line' id='line_1_18' title="bbox 125 1753 1131 1838; baseline -0.002 -20"><span class='ocrx_word' id='word_1_130' title='bbox 125 1753 160 1818; x_wconf 93' lang='lat' dir='ltr'>in</span> <span class='ocrx_word' id='word_1_131' title='bbox 184 1775 240 1819; x_wconf 85' lang='lat' dir='ltr'>ara</span> <span class='ocrx_word' id='word_1_132' title='bbox 263 1753 436 1837; x_wconf 88' lang='lat' dir='ltr'>sedentem,</span> <span class='ocrx_word' id='word_1_133' title='bbox 460 1753 600 1838; x_wconf 87' lang='lat' dir='ltr'>quaerit,</span> <span class='ocrx_word' id='word_1_134' title='bbox 624 1775 738 1818; x_wconf 90' lang='lat' dir='ltr'>causae</span> <span class='ocrx_word' id='word_1_135' title='bbox 762 1754 839 1837; x_wconf 92' lang='lat' dir='ltr'>quid</span> <span class='ocrx_word' id='word_1_136' title='bbox 863 1754 907 1818; x_wconf 92' lang='lat' dir='ltr'>sit</span> <span class='ocrx_word' id='word_1_137' title='bbox 929 1758 998 1818; x_wconf 90' lang='lat' dir='ltr'>tam</span> <span class='ocrx_word' id='word_1_138' title='bbox 1020 1773 1131 1836; x_wconf 90' lang='lat' dir='ltr'>repen·</span> 
     </span>
     <span class='ocr_line' id='line_1_19' title="bbox 127 1840 1132 1926; baseline 0 -21"><span class='ocrx_word' id='word_1_139' title='bbox 127 1842 189 1906; x_wconf 88' lang='lat' dir='ltr'>tini</span> <span class='ocrx_word' id='word_1_140' title='bbox 216 1841 351 1906; x_wconf 85' lang='lat' dir='ltr'>consilii.</span> <span class='ocrx_word' id='word_1_141' title='bbox 395 1840 472 1906; x_wconf 88' lang='lat' dir='ltr'>huic</span> <span class='ocrx_word' id='word_1_142' title='bbox 498 1842 567 1926; x_wconf 89' lang='lat' dir='ltr'>ille,</span> <span class='ocrx_word' id='word_1_143' title='bbox 597 1842 674 1925; x_wconf 91' lang='lat' dir='ltr'>quid</span> <span class='ocrx_word' id='word_1_144' title='bbox 701 1865 741 1906; x_wconf 85' lang='lat' dir='ltr'>ex</span> <span class='ocrx_word' id='word_1_145' title='bbox 767 1842 887 1907; x_wconf 88' lang='lat' dir='ltr'>litteris</span> <span class='ocrx_word' id='word_1_146' title='bbox 911 1840 1132 1926; x_wconf 87' lang='lat' dir='ltr'>comperisset,</span> 
     </span>
    </p>

    <p class='ocr_par' dir='ltr' id='par_1_7' title="bbox 91 1928 1131 2278">
     <span class='ocr_line' id='line_1_20' title="bbox 91 1928 1131 2014; baseline 0.004 -24"><span class='ocrx_word' id='word_1_147' title='bbox 91 1942 108 1990; x_wconf 85' lang='lat' dir='ltr'>o</span> <span class='ocrx_word' id='word_1_148' title='bbox 127 1929 241 2013; x_wconf 88' lang='lat' dir='ltr'>aperit.</span> <span class='ocrx_word' id='word_1_149' title='bbox 277 1949 341 2010; x_wconf 90' lang='lat' dir='ltr'>quo</span> <span class='ocrx_word' id='word_1_150' title='bbox 360 1929 463 2013; x_wconf 86' lang='lat' dir='ltr'>magis</span> <span class='ocrx_word' id='word_1_151' title='bbox 482 1928 660 1993; x_wconf 86' lang='lat' dir='ltr'>Pausanias</span> <span class='ocrx_word' id='word_1_152' title='bbox 678 1931 888 2013; x_wconf 87' lang='lat' dir='ltr'>perturbatus</span> <span class='ocrx_word' id='word_1_153' title='bbox 907 1951 999 1995; x_wconf 89' lang='lat' dir='ltr'>orare</span> <span class='ocrx_word' id='word_1_154' title='bbox 1014 1929 1131 2014; x_wconf 87' lang='lat' dir='ltr'>eoepit,</span> 
     </span>
     <span class='ocr_line' id='line_1_21' title="bbox 126 2014 1131 2101; baseline 0 -20"><span class='ocrx_word' id='word_1_155' title='bbox 126 2039 167 2081; x_wconf 89' lang='lat' dir='ltr'>ne</span> <span class='ocrx_word' id='word_1_156' title='bbox 181 2014 365 2080; x_wconf 85' lang='lat' dir='ltr'>enuntiaret</span> <span class='ocrx_word' id='word_1_157' title='bbox 382 2037 445 2079; x_wconf 91' lang='lat' dir='ltr'>neu</span> <span class='ocrx_word' id='word_1_158' title='bbox 466 2037 500 2079; x_wconf 87' lang='lat' dir='ltr'>se</span> <span class='ocrx_word' id='word_1_159' title='bbox 519 2016 672 2080; x_wconf 91' lang='lat' dir='ltr'>meritum</span> <span class='ocrx_word' id='word_1_160' title='bbox 690 2017 728 2080; x_wconf 90' lang='lat' dir='ltr'>de</span> <span class='ocrx_word' id='word_1_161' title='bbox 746 2018 804 2082; x_wconf 94' lang='lat' dir='ltr'>illo</span> <span class='ocrx_word' id='word_1_162' title='bbox 824 2018 946 2100; x_wconf 91' lang='lat' dir='ltr'>optime</span> <span class='ocrx_word' id='word_1_163' title='bbox 964 2017 1131 2101; x_wconf 87' lang='lat' dir='ltr'>proderet:</span> 
     </span>
     <span class='ocr_line' id='line_1_22' title="bbox 129 2101 1131 2189; baseline 0.001 -20"><span class='ocrx_word' id='word_1_164' title='bbox 129 2104 244 2189; x_wconf 90' lang='lat' dir='ltr'>quodsi</span> <span class='ocrx_word' id='word_1_165' title='bbox 266 2124 337 2167; x_wconf 87' lang='lat' dir='ltr'>eam</span> <span class='ocrx_word' id='word_1_166' title='bbox 356 2101 483 2168; x_wconf 80' lang='lat' dir='ltr'>veniam</span> <span class='ocrx_word' id='word_1_167' title='bbox 501 2103 564 2166; x_wconf 89' lang='lat' dir='ltr'>sibi</span> <span class='ocrx_word' id='word_1_168' title='bbox 583 2103 724 2168; x_wconf 89' lang='lat' dir='ltr'>dedisset</span> <span class='ocrx_word' id='word_1_169' title='bbox 742 2105 908 2187; x_wconf 86' lang='lat' dir='ltr'>tantisque</span> <span class='ocrx_word' id='word_1_170' title='bbox 926 2104 1131 2187; x_wconf 88' lang='lat' dir='ltr'>implicatum</span> 
     </span>
     <span class='ocr_line' id='line_1_23' title="bbox 127 2191 996 2278; baseline 0 -22"><span class='ocrx_word' id='word_1_171' title='bbox 127 2193 224 2257; x_wconf 89' lang='lat' dir='ltr'>rebus</span> <span class='ocrx_word' id='word_1_172' title='bbox 248 2191 457 2274; x_wconf 83' lang='lat' dir='ltr'>sublevasset,</span> <span class='ocrx_word' id='word_1_173' title='bbox 481 2212 598 2278; x_wconf 85' lang='lat' dir='ltr'>magno</span> <span class='ocrx_word' id='word_1_174' title='bbox 622 2192 651 2255; x_wconf 93' lang='lat' dir='ltr'>ei</span> <span class='ocrx_word' id='word_1_175' title='bbox 673 2193 817 2275; x_wconf 90' lang='lat' dir='ltr'>praemio</span> <span class='ocrx_word' id='word_1_176' title='bbox 841 2191 996 2256; x_wconf 80' lang='lat' dir='ltr'>futurum.</span> 
     </span>
    </p>

    <p class='ocr_par' dir='ltr' id='par_1_8' title="bbox 91 2277 1131 2718">
     <span class='ocr_line' id='line_1_24' title="bbox 91 2277 1131 2366; baseline 0.001 -22"><span class='ocrx_word' id='word_1_177' title='bbox 91 2278 113 2344; x_wconf 82' lang='lat'>5</span> <span class='ocrx_word' id='word_1_178' title='bbox 213 2277 276 2344; x_wconf 87' lang='lat' dir='ltr'>His</span> <span class='ocrx_word' id='word_1_179' title='bbox 294 2278 391 2343; x_wconf 89' lang='lat' dir='ltr'>rebus</span> <span class='ocrx_word' id='word_1_180' title='bbox 409 2278 523 2363; x_wconf 89' lang='lat' dir='ltr'>ephori</span> <span class='ocrx_word' id='word_1_181' title='bbox 541 2279 680 2366; x_wconf 88' lang='lat' dir='ltr'>cognitis</span> <span class='ocrx_word' id='word_1_182' title='bbox 700 2280 803 2344; x_wconf 89' lang='lat' dir='ltr'>satius</span> <span class='ocrx_word' id='word_1_183' title='bbox 821 2283 979 2364; x_wconf 85' lang='lat' dir='ltr'>putarunt</span> <span class='ocrx_word' id='word_1_184' title='bbox 996 2280 1031 2343; x_wconf 91' lang='lat' dir='ltr'>in</span> <span class='ocrx_word' id='word_1_185' title='bbox 1049 2281 1131 2345; x_wconf 91' lang='lat' dir='ltr'>urbe</span> 
     </span>
     <span class='ocr_line' id='line_1_25' title="bbox 127 2366 1131 2453; baseline -0.001 -19"><span class='ocrx_word' id='word_1_186' title='bbox 127 2391 201 2436; x_wconf 91' lang='lat' dir='ltr'>eum</span> <span class='ocrx_word' id='word_1_187' title='bbox 224 2366 459 2452; x_wconf 89' lang='lat' dir='ltr'>comprehendi.</span> <span class='ocrx_word' id='word_1_188' title='bbox 506 2389 569 2453; x_wconf 91' lang='lat' dir='ltr'>quo</span> <span class='ocrx_word' id='word_1_189' title='bbox 593 2389 666 2432; x_wconf 88' lang='lat' dir='ltr'>eum</span> <span class='ocrx_word' id='word_1_190' title='bbox 688 2373 798 2433; x_wconf 89' lang='lat' dir='ltr'>essent</span> <span class='ocrx_word' id='word_1_191' title='bbox 826 2368 965 2452; x_wconf 85' lang='lat' dir='ltr'>profecti</span> <span class='ocrx_word' id='word_1_192' title='bbox 993 2373 1026 2432; x_wconf 92' lang='grc'>11</span> <span class='ocrx_word' id='word_1_193' title='bbox 1048 2368 1131 2433; x_wconf 85' lang='lat' dir='ltr'>Pau-</span> 
     </span>
     <span class='ocr_line' id='line_1_26' title="bbox 128 2455 1131 2542; baseline -0.002 -19"><span class='ocrx_word' id='word_1_194' title='bbox 128 2459 234 2524; x_wconf 85' lang='lat' dir='ltr'>sanias</span> <span class='ocrx_word' id='word_1_195' title='bbox 257 2457 386 2541; x_wconf 86' lang='lat' dir='ltr'>placato</span> <span class='ocrx_word' id='word_1_196' title='bbox 404 2455 542 2542; x_wconf 84' lang='lat' dir='ltr'>Argilio,</span> <span class='ocrx_word' id='word_1_197' title='bbox 565 2460 602 2520; x_wconf 92' lang='lat' dir='ltr'>ut</span> <span class='ocrx_word' id='word_1_198' title='bbox 619 2457 767 2541; x_wconf 87' lang='lat' dir='ltr'>putabat,</span> <span class='ocrx_word' id='word_1_199' title='bbox 789 2455 1064 2521; x_wconf 85' lang='lat' dir='ltr'>Lacedaemonem</span> <span class='ocrx_word' id='word_1_200' title='bbox 1083 2480 1131 2521; x_wconf 92' lang='lat' dir='ltr'>re-</span> 
     </span>
     <span class='ocr_line' id='line_1_27' title="bbox 126 2544 1130 2630; baseline -0.004 -18"><span class='ocrx_word' id='word_1_201' title='bbox 126 2549 320 2629; x_wconf 79' lang='lat' dir='ltr'>verteretur,</span> <span class='ocrx_word' id='word_1_202' title='bbox 347 2545 382 2610; x_wconf 91' lang='lat' dir='ltr'>in</span> <span class='ocrx_word' id='word_1_203' title='bbox 408 2544 538 2630; x_wconf 90' lang='lat' dir='ltr'>itinere,</span> <span class='ocrx_word' id='word_1_204' title='bbox 565 2567 639 2611; x_wconf 91' lang='lat' dir='ltr'>cum</span> <span class='ocrx_word' id='word_1_205' title='bbox 665 2545 731 2609; x_wconf 91' lang='lat' dir='ltr'>iam</span> <span class='ocrx_word' id='word_1_206' title='bbox 758 2546 793 2610; x_wconf 90' lang='lat' dir='ltr'>in</span> <span class='ocrx_word' id='word_1_207' title='bbox 816 2568 853 2611; x_wconf 91' lang='lat' dir='ltr'>eo</span> <span class='ocrx_word' id='word_1_208' title='bbox 877 2549 963 2609; x_wconf 86' lang='grc'><strong>11111</strong></span> <span class='ocrx_word' id='word_1_209' title='bbox 984 2550 1023 2610; x_wconf 90' lang='lat' dir='ltr'>ut</span> <span class='ocrx_word' id='word_1_210' title='bbox 1045 2566 1130 2609; x_wconf 90' lang='lat' dir='ltr'>com-</span> 
     </span>
     <span class='ocr_line' id='line_1_28' title="bbox 127 2633 1131 2718; baseline 0 -20"><span class='ocrx_word' id='word_1_211' title='bbox 127 2633 391 2718; x_wconf 88' lang='lat' dir='ltr'>prehenderetur,</span> <span class='ocrx_word' id='word_1_212' title='bbox 423 2655 462 2697; x_wconf 85' lang='lat' dir='ltr'>ex</span> <span class='ocrx_word' id='word_1_213' title='bbox 490 2633 583 2698; x_wconf 83' lang='lat' dir='ltr'>vultu</span> <span class='ocrx_word' id='word_1_214' title='bbox 615 2633 780 2698; x_wconf 87' lang='lat' dir='ltr'>cuiusdam</span> <span class='ocrx_word' id='word_1_215' title='bbox 810 2633 936 2718; x_wconf 88' lang='lat' dir='ltr'>ephori,</span> <span class='ocrx_word' id='word_1_216' title='bbox 968 2634 1024 2718; x_wconf 93' lang='lat' dir='ltr'>qui</span> <span class='ocrx_word' id='word_1_217' title='bbox 1055 2654 1131 2698; x_wconf 89' lang='lat' dir='ltr'>eum</span> 
     </span>
    </p>

    <p class='ocr_par' dir='ltr' id='par_1_9' title="bbox 91 2721 1132 3158">
     <span class='ocr_line' id='line_1_29' title="bbox 91 2721 1130 2806; baseline 0.003 -23"><span class='ocrx_word' id='word_1_218' title='bbox 91 2736 109 2783; x_wconf 80' lang='lat'>2</span> <span class='ocrx_word' id='word_1_219' title='bbox 128 2721 293 2786; x_wconf 89' lang='lat' dir='ltr'>admoneri</span> <span class='ocrx_word' id='word_1_220' title='bbox 312 2721 471 2806; x_wconf 86' lang='lat' dir='ltr'>cupiebat,</span> <span class='ocrx_word' id='word_1_221' title='bbox 489 2721 623 2786; x_wconf 90' lang='lat' dir='ltr'>insidias</span> <span class='ocrx_word' id='word_1_222' title='bbox 643 2722 706 2786; x_wconf 88' lang='lat' dir='ltr'>sibi</span> <span class='ocrx_word' id='word_1_223' title='bbox 723 2722 795 2787; x_wconf 89' lang='lat' dir='ltr'>fieri</span> <span class='ocrx_word' id='word_1_224' title='bbox 812 2722 982 2786; x_wconf 87' lang='lat' dir='ltr'>intellexit.</span> <span class='ocrx_word' id='word_1_225' title='bbox 1018 2722 1130 2805; x_wconf 90' lang='lat' dir='ltr'>itaque</span> 
     </span>
     <span class='ocr_line' id='line_1_30' title="bbox 126 2809 1130 2895; baseline -0.001 -20"><span class='ocrx_word' id='word_1_226' title='bbox 126 2809 238 2895; x_wconf 90' lang='lat' dir='ltr'>paucis</span> <span class='ocrx_word' id='word_1_227' title='bbox 262 2813 336 2873; x_wconf 89' lang='lat' dir='ltr'>ante</span> <span class='ocrx_word' id='word_1_228' title='bbox 359 2810 527 2895; x_wconf 85' lang='lat' dir='ltr'>gradibus,</span> <span class='ocrx_word' id='word_1_229' title='bbox 550 2831 647 2893; x_wconf 88' lang='lat' dir='ltr'>quam</span> <span class='ocrx_word' id='word_1_230' title='bbox 670 2810 726 2894; x_wconf 92' lang='lat' dir='ltr'>qui</span> <span class='ocrx_word' id='word_1_231' title='bbox 749 2833 823 2875; x_wconf 86' lang='lat' dir='ltr'>eum</span> <span class='ocrx_word' id='word_1_232' title='bbox 845 2811 1073 2893; x_wconf 88' lang='lat' dir='ltr'>sequebantur,</span> <span class='ocrx_word' id='word_1_233' title='bbox 1095 2810 1130 2874; x_wconf 91' lang='grc'>111</span> 
     </span>
     <span class='ocr_line' id='line_1_31' title="bbox 128 2895 1130 2983; baseline -0.002 -20"><span class='ocrx_word' id='word_1_234' title='bbox 128 2899 239 2963; x_wconf 89' lang='lat' dir='ltr'>aedem</span> <span class='ocrx_word' id='word_1_235' title='bbox 266 2895 442 2983; x_wconf 85' lang='lat' dir='ltr'>Minervae,</span> <span class='ocrx_word' id='word_1_236' title='bbox 466 2919 546 2982; x_wconf 90' lang='lat' dir='ltr'>quae</span> <span class='ocrx_word' id='word_1_237' title='bbox 569 2897 771 2964; x_wconf 75' lang='lat' dir='ltr'>Chalcioicos</span> <span class='ocrx_word' id='word_1_238' title='bbox 794 2903 941 2983; x_wconf 83' lang='lat' dir='ltr'>vocatur,</span> <span class='ocrx_word' id='word_1_239' title='bbox 974 2897 1130 2981; x_wconf 84' lang='lat' dir='ltr'>confugit.</span> 
     </span>
     <span class='ocr_line' id='line_1_32' title="bbox 126 2985 1130 3072; baseline -0.002 -20"><span class='ocrx_word' id='word_1_240' title='bbox 126 2987 266 3052; x_wconf 87' lang='lat' dir='ltr'>hincne</span> <span class='ocrx_word' id='word_1_241' title='bbox 289 2985 375 3049; x_wconf 85' lang='lat' dir='ltr'>exire</span> <span class='ocrx_word' id='word_1_242' title='bbox 397 2990 518 3072; x_wconf 87' lang='lat' dir='ltr'>posset,</span> <span class='ocrx_word' id='word_1_243' title='bbox 544 2987 657 3052; x_wconf 77' lang='lat' dir='ltr'>atatim</span> <span class='ocrx_word' id='word_1_244' title='bbox 680 2986 793 3071; x_wconf 89' lang='lat' dir='ltr'>ephori</span> <span class='ocrx_word' id='word_1_245' title='bbox 816 2988 925 3052; x_wconf 83' lang='lat' dir='ltr'>valvas</span> <span class='ocrx_word' id='word_1_246' title='bbox 949 2987 1017 3049; x_wconf 89' lang='lat' dir='ltr'>eius</span> <span class='ocrx_word' id='word_1_247' title='bbox 1041 2985 1130 3050; x_wconf 89' lang='lat' dir='ltr'>aedis</span> 
     </span>
     <span class='ocr_line' id='line_1_33' title="bbox 128 3074 1132 3158; baseline -0.003 -17"><span class='ocrx_word' id='word_1_248' title='bbox 128 3076 359 3141; x_wconf 84' lang='lat' dir='ltr'>obstruxerunt</span> <span class='ocrx_word' id='word_1_249' title='bbox 386 3077 572 3158; x_wconf 89' lang='lat' dir='ltr'>tectumque</span> <span class='ocrx_word' id='word_1_250' title='bbox 600 3079 677 3139; x_wconf 86' lang='lat' dir='ltr'>sunt</span> <span class='ocrx_word' id='word_1_251' title='bbox 704 3075 865 3158; x_wconf 88' lang='lat' dir='ltr'>demoliti,</span> <span class='ocrx_word' id='word_1_252' title='bbox 900 3096 963 3156; x_wconf 91' lang='lat' dir='ltr'>quo</span> <span class='ocrx_word' id='word_1_253' title='bbox 993 3074 1132 3139; x_wconf 89' lang='lat' dir='ltr'>celerius</span> 
     </span>
    </p>

    <p class='ocr_par' dir='ltr' id='par_1_10' title="bbox 93 3162 1131 3422">
     <span class='ocr_line' id='line_1_34' title="bbox 93 3162 1131 3246; baseline 0 -20"><span class='ocrx_word' id='word_1_254' title='bbox 93 3165 190 3229; x_wconf 77' lang='lat' dir='ltr'>asub</span> <span class='ocrx_word' id='word_1_255' title='bbox 212 3163 286 3227; x_wconf 81' lang='lat' dir='ltr'>divo</span> <span class='ocrx_word' id='word_1_256' title='bbox 315 3162 472 3226; x_wconf 86' lang='lat' dir='ltr'>interiret.</span> <span class='ocrx_word' id='word_1_257' title='bbox 518 3163 636 3227; x_wconf 88' lang='lat' dir='ltr'>dieitur</span> <span class='ocrx_word' id='word_1_258' title='bbox 659 3184 697 3227; x_wconf 93' lang='lat' dir='ltr'>eo</span> <span class='ocrx_word' id='word_1_259' title='bbox 721 3166 866 3246; x_wconf 89' lang='lat' dir='ltr'>tempore</span> <span class='ocrx_word' id='word_1_260' title='bbox 889 3165 1027 3225; x_wconf 88' lang='lat' dir='ltr'>matrem</span> <span class='ocrx_word' id='word_1_261' title='bbox 1049 3162 1131 3226; x_wconf 93' lang='lat' dir='ltr'>Pau-</span> 
     </span>
     <span class='ocr_line' id='line_1_35' title="bbox 129 3250 1131 3336; baseline -0.001 -21"><span class='ocrx_word' id='word_1_262' title='bbox 129 3251 236 3316; x_wconf 86' lang='lat' dir='ltr'>saniae</span> <span class='ocrx_word' id='word_1_263' title='bbox 260 3250 378 3315; x_wconf 80' lang='lat' dir='ltr'>vixisse</span> <span class='ocrx_word' id='word_1_264' title='bbox 402 3272 535 3333; x_wconf 87' lang='lat' dir='ltr'>eamque</span> <span class='ocrx_word' id='word_1_265' title='bbox 558 3251 624 3315; x_wconf 92' lang='lat' dir='ltr'>iam</span> <span class='ocrx_word' id='word_1_266' title='bbox 647 3272 764 3336; x_wconf 87' lang='lat' dir='ltr'>magno</span> <span class='ocrx_word' id='word_1_267' title='bbox 787 3254 876 3334; x_wconf 90' lang='lat' dir='ltr'>natu,</span> <span class='ocrx_word' id='word_1_268' title='bbox 898 3253 1073 3332; x_wconf 86' lang='lat' dir='ltr'>postquam</span> <span class='ocrx_word' id='word_1_269' title='bbox 1092 3250 1131 3314; x_wconf 88' lang='lat' dir='ltr'>de</span> 
     </span>
     <span class='ocr_line' id='line_1_36' title="bbox 129 3338 1131 3422; baseline -0.003 -18"><span class='ocrx_word' id='word_1_270' title='bbox 129 3339 248 3404; x_wconf 90' lang='lat' dir='ltr'>scelere</span> <span class='ocrx_word' id='word_1_271' title='bbox 270 3338 331 3402; x_wconf 89' lang='lat' dir='ltr'>filii</span> <span class='ocrx_word' id='word_1_272' title='bbox 354 3339 520 3421; x_wconf 88' lang='lat' dir='ltr'>comperit,</span> <span class='ocrx_word' id='word_1_273' title='bbox 542 3339 577 3403; x_wconf 90' lang='lat' dir='ltr'>in</span> <span class='ocrx_word' id='word_1_274' title='bbox 599 3338 713 3422; x_wconf 90' lang='lat' dir='ltr'>primis</span> <span class='ocrx_word' id='word_1_275' title='bbox 739 3338 778 3402; x_wconf 89' lang='lat' dir='ltr'>ad</span> <span class='ocrx_word' id='word_1_276' title='bbox 796 3338 901 3401; x_wconf 89' lang='lat' dir='ltr'>filium</span> <span class='ocrx_word' id='word_1_277' title='bbox 920 3338 1131 3402; x_wconf 88' lang='lat' dir='ltr'>claudendum</span> 
     </span>
    </p>

    <p class='ocr_par' dir='ltr' id='par_1_11' title="bbox 90 3425 1133 3599">
     <span class='ocr_line' id='line_1_37' title="bbox 90 3425 1132 3510; baseline -0.006 -16"><span class='ocrx_word' id='word_1_278' title='bbox 90 3427 268 3510; x_wconf 74' lang='lat' dir='ltr'>clapidem</span> <span class='ocrx_word' id='word_1_279' title='bbox 292 3427 331 3490; x_wconf 86' lang='lat' dir='ltr'>ad</span> <span class='ocrx_word' id='word_1_280' title='bbox 354 3426 525 3490; x_wconf 90' lang='lat' dir='ltr'>introitum</span> <span class='ocrx_word' id='word_1_281' title='bbox 548 3426 636 3492; x_wconf 87' lang='lat' dir='ltr'>aedis</span> <span class='ocrx_word' id='word_1_282' title='bbox 659 3426 818 3490; x_wconf 89' lang='lat' dir='ltr'>attulisse.</span> <span class='ocrx_word' id='word_1_283' title='bbox 854 3426 908 3490; x_wconf 92' lang='lat' dir='ltr'>hic</span> <span class='ocrx_word' id='word_1_284' title='bbox 926 3447 1000 3490; x_wconf 89' lang='lat' dir='ltr'>cum</span> <span class='ocrx_word' id='word_1_285' title='bbox 1018 3425 1132 3490; x_wconf 89' lang='lat' dir='ltr'>semia·</span> 
     </span>
     <span class='ocr_line' id='line_1_38' title="bbox 117 3513 1133 3599; baseline 0.004 -25"><span class='ocrx_word' id='word_1_286' title='bbox 117 3514 224 3576; x_wconf 81' lang='lat' dir='ltr'>nimis</span> <span class='ocrx_word' id='word_1_287' title='bbox 243 3515 285 3578; x_wconf 86' lang='lat' dir='ltr'>de</span> <span class='ocrx_word' id='word_1_288' title='bbox 308 3515 431 3599; x_wconf 85' lang='lat' dir='ltr'>templo</span> <span class='ocrx_word' id='word_1_289' title='bbox 451 3514 555 3580; x_wconf 90' lang='lat' dir='ltr'>elatus</span> <span class='ocrx_word' id='word_1_290' title='bbox 575 3518 671 3599; x_wconf 88' lang='lat' dir='ltr'>esset,</span> <span class='ocrx_word' id='word_1_291' title='bbox 693 3513 865 3580; x_wconf 83' lang='lat' dir='ltr'>confestim</span> <span class='ocrx_word' id='word_1_292' title='bbox 883 3514 1024 3579; x_wconf 87' lang='lat' dir='ltr'>animam</span> <span class='ocrx_word' id='word_1_293' title='bbox 1045 3513 1133 3578; x_wconf 87' lang='lat' dir='ltr'>effla·</span> 
     </span>
    </p>
   </div>
   <div class='ocr_carea' id='block_1_3' title="bbox 0 0 1234 3848">
    <p class='ocr_par' dir='ltr' id='par_1_12' title="bbox 0 0 1234 3848">
     <span class='ocr_line' id='line_1_39' title="bbox 0 0 1234 3848; baseline 0 0"><span class='ocrx_word' id='word_1_294' title='bbox 0 0 1234 3848; x_wconf 95' lang='lat' dir='ltr'> </span> 
     </span>
    </p>
   </div>
  </div>
 </body>
</html>
