2460 3848
139 193 182 257 68
428 181 514 247 xvn.
532 189 740 246 suasurus.
767 196 846 247 4-e.

140 342 173 402 et
190 336 308 401 Boeoti
327 336 489 420 ceterique
512 356 624 400 eorum
647 335 831 419 sociiapud
845 333 1039 402 Coroneam:
1062 360 1145 422 quor

104 441 121 490 6
141 446 252 491 omnes
272 425 364 509 gravi
381 424 505 508 proelio
523 423 612 487 vicit
645 422 742 488 huius
760 423 916 490 victoriae
933 426 984 490 vel
1003 427 1146 491 maxima

139 514 204 578 fuit
225 512 306 596 laus,
329 513 423 597 quod,
447 533 521 577 cum
542 511 687 596 plerique
710 533 749 576 ex
770 511 850 598 fuga
872 534 906 578 se
928 513 964 578 in
986 515 1146 599 templum

140 601 304 666 Minervae
328 600 542 665 coniecissent
565 603 835 683 quaerereturque
859 601 900 664 ab
923 623 975 686 eo,
1003 603 1081 686 quid
1103 603 1146 668 iis

139 690 239 755 vellet
264 689 350 774 fieri,
377 688 440 753 etsi
463 688 589 771 aliquot
611 688 746 753 vulnera
767 693 936 773 acceperat
958 711 996 754 eo
1019 691 1146 775 proelio

140 782 174 843 et
196 779 299 841 iratus
322 776 492 842 videbatur
515 775 675 859 omnibus,
698 776 755 859 qui
777 777 929 842 adversus
953 799 1044 843 arma
1065 780 1147 844 tule

140 869 228 949 rant,
260 869 371 929 tamen
398 865 552 929 antetulit
578 864 645 927 irae
677 865 869 950 religionem
897 869 930 930 et
957 887 1013 932 eos
1041 869 1146 932 vetuit

106 953 265 1019 ιιιοιιιι
309 974 414 1036 neque
440 974 517 1017 vero
544 952 607 1016 hoc
634 952 741 1017 solum
767 953 802 1017 in
825 952 1076 1040 Graeciadecit,
1107 961 1147 1021 ut

141 1042 265 1126 templa
287 1041 420 1106 deorum
442 1044 556 1105 sancta
581 1040 730 1124 haberet,
758 1041 814 1105 sed
841 1042 941 1107 etiam
963 1044 1049 1126 apud
1075 1045 1146 1108 bar·

140 1131 238 1194 baros
262 1151 388 1194 summa
410 1129 567 1214 religione
590 1129 699 1193 omnia
722 1129 896 1194 simulacra
918 1151 1053 1214 arasque
1072 1153 1146 1197 con-

107 1235 124 1285 8
143 1218 293 1282 servavit
315 1218 425 1301 itaque
439 1216 648 1302 praedicabat
657 1217 770 1280 mirari
779 1238 824 1303 se
836 1240 903 1284 non
913 1219 1146 1305 sacrilegorum

140 1327 276 1371 numero
293 1305 417 1389 haberi,
436 1305 492 1389 qui
510 1305 710 1388 supplicibus
727 1306 863 1370 deorum
874 1307 1069 1391 nocuissent,
1088 1313 1146 1372 aut

141 1416 207 1459 non
229 1393 433 1480 gravioribus
456 1393 569 1478 poenis
597 1392 697 1477 affici,
728 1394 785 1477 qui
811 1394 1004 1481 religionem
1026 1396 1146 1461 minue

142 1486 224 1567 rent,
247 1503 346 1566 quam
368 1482 424 1566 qui
445 1480 523 1546 fana
545 1481 731 1565 spoliarent.

106 1572 128 1637 5
230 1568 312 1636 Post
329 1571 392 1635 hoc
404 1570 565 1653 proelium
578 1569 734 1634 collatum
749 1591 843 1636 omne
856 1570 979 1636 bellum
993 1572 1088 1637 est
1060 1595 1146 1638 cnca

107 1657 336 1726 aderinthum
362 1658 498 1742 ideoque
526 1656 733 1724 Corinthium
760 1662 811 1723 est
838 1659 1047 1743 appellatum.
1091 1661 1146 1726 hic

142 1769 216 1813 eum
242 1769 307 1812 una
333 1767 443 1834 pugna
469 1746 580 1813 decem
606 1745 697 1810 milia
719 1745 865 1811 hostiurn
886 1745 1042 1833 Agesilao
1065 1748 1145 1814 duce

142 1837 333 1902 cecidissent
351 1855 453 1918 eoque
475 1834 542 1900 fact
527 1838 562 1899 to
582 1855 659 1919 opes
683 1833 939 1901 adversariorum
958 1837 1072 1902 debilit
1057 1840 1146 1902 tatae

141 1923 336 2007 viderentur,
358 1927 488 1988 tantum
506 1923 589 1986 ιιιιιι
607 1923 648 1986 ab
667 1922 841 1987 insolentia
859 1923 993 2010 gloriae,
1010 1929 1048 1990 ut
1062 1947 1145 1991 com·

142 2008 315 2076 miseratus
344 2011 388 2075 sit
414 2009 579 2076 fortunam
602 2008 769 2097 Graeciae,
799 2011 885 2095 quod
911 2016 980 2076 tam
1007 2014 1146 2078 multia

143 2121 177 2164 se
199 2099 278 2163 victi
301 2098 348 2163 ιιι
349 2098 381 2163 io
334 2098 661 2163 tadversariorum
680 2099 908 2164 concidissent.
930 2121 1069 2185 namque
1087 2101 1146 2166 illa

143 2188 226 2252 mult
227 2186 360 2270 itudine,
384 2187 412 2251 si
435 2207 514 2250 sana
536 2208 627 2250 mens
650 2190 751 2271 esset,
774 2185 927 2252 Graeciae
950 2188 1144 2272 supplicium

108 2275 258 2342 aPersas
291 2275 366 2339 dare
398 2275 552 2359 potuisse.
601 2274 687 2338 idem
719 2296 793 2339 cum
825 2275 1065 2341 ιιιιιιιιιιοι
1055 2279 1144 2341 mtra

144 2365 272 2430 moenia
289 2363 501 2448 compulisset
518 2367 551 2427 et
568 2366 607 2427 ut
620 2361 814 2429 Corinthum
832 2368 1035 2465 oppugnaret
1048 2365 1145 2430 multi

143 2452 361 2536 hortarentur,
378 2452 511 2538 negavit
528 2450 562 2515 id
580 2473 656 2516 suae
671 2452 786 2516 virtuti
800 2452 982 2517 convenire.
1006 2475 1040 2518 se
1059 2453 1145 2519 enim

143 2563 217 2606 eum
240 2562 309 2606 esse
334 2504 430 2642 [dixit
430 2543 454 2624 ],
477 2540 533 2623 qui
555 2540 595 2604 ad
618 2539 762 2605 officium
783 2543 954 2624 peccantes
973 2540 1076 2606 redire
1094 2563 1145 2606 co·

143 2631 244 2744 geret,
266 2651 332 2694 non
351 2650 407 2712 qur
397 2628 521 2694 urbas
535 2628 755 2693 nobilissimas
769 2634 969 2715 expugnarat
983 2627 1145 2696 Graeciae

107 2732 125 2782 4
143 2714 234 2781 nam
257 2717 300 2781 si'
323 2716 463 2800 inquit
465 2737 520 2781 eos
543 2717 748 2802 exstinguere
771 2717 981 2802 voluerimus,
1009 2719 1064 2803 qui
1090 2740 1146 2784 no·

143 2803 269 2870 biscum
292 2804 444 2870 adversus
466 2805 623 2870 barbaros
647 2808 821 2888 steterunt,
848 2806 1063 2890 nosmetipsi
1084 2828 1145 2872 nos

143 2893 433 3045 expugnaverimus
465 2892 531 2957 illis
565 2893 813 2976 quiescentibus.
859 2914 922 2976 quo
954 2893 1043 2959 facto
1076 2894 1145 2960 sine

108 2982 381 3135 Gnegolilqtepiqlm
395 2981 902 3154 gcqqaqqpinffsanqplplppgsmqqqd
923 3067 1064 3135 Leuctra
1085 3068 1146 3135 La·

144 3157 366 3224 oedaemoniis.
405 3179 469 3240 quo
491 3179 532 3223 ne
554 3157 821 3242 proficisceretur,
843 3179 917 3222 cum
940 3179 959 3221 a
980 3158 1146 3242 plerisque

144 3246 184 3310 ad
211 3246 390 3311 exeundum
416 3246 650 3330 impelleretur,
678 3250 717 3310 ut
740 3247 768 3311 si
795 3246 834 3311 de
861 3246 950 3310 exitu
977 3245 1146 3331 divinaret,

142 3335 296 3400 ιιιιειιιι
324 3338 508 3400 ειιιιιιιιιι.
553 3334 651 3418 idem,
683 3355 757 3399 cum
785 3333 1027 3418 Epaminondas
1052 3333 1146 3419 Spar-

144 3425 212 3486 tam
235 3425 438 3508 oppugnaret
460 3427 608 3505 essetque
632 3422 701 3488 sine
723 3423 825 3487 muris
848 3422 1016 3506 oppidum,
1045 3423 1147 3489 talem

127 3527 168 3568 se
196 3510 435 3589 rmperatorem
470 3511 643 3596 praebuit,
676 3513 715 3576 ut
746 3533 784 3576 eo
816 3514 962 3596 tempore
995 3511 1146 3577 omnibus
