2460 3848
408 200 466 254 XX.
487 199 686 255 TIMOLEON.
714 207 738 255 2.
757 207 782 256 3.
1055 200 1096 265 83

91 343 218 409 licitate
241 343 437 428 Dionysium
465 348 538 409 tota
562 342 674 410 Sicilia
700 345 833 429 depulit
878 367 951 411 oum
977 345 1132 411 interii-2

92 453 163 496 cera
186 436 314 516 posset,
336 433 457 517 noluit,
479 436 616 516 tutoque
638 439 677 497 ut
699 432 893 498 Corinthum
915 434 1097 518 perveniret

93 519 214 603 effecit,
251 520 337 604 quod
373 525 585 604 utrorumque
622 521 854 605 Dionysiorum
890 522 1006 605 opibus
1038 520 1097 588 Co

92 607 207 672 rinthii
230 630 325 693 saepe
348 609 451 673 adiuti
473 607 611 693 fuerant,
635 610 725 675 ouius
748 609 960 695 benignitatis
979 631 1098 674 merno-

93 697 176 760 riam
203 698 334 761 volebat
361 702 503 783 exstare,
535 719 669 781 eamque
701 698 899 782 praeclaram
926 698 1097 763 victoriam

93 784 244 868 ducebat,
273 785 308 849 in
336 806 400 868 qua
425 786 499 870 plus
523 790 610 851 esset
632 786 821 851 clementiae
845 807 942 870 quam
965 786 1099 851 crudeli-

93 873 182 956 tatis,
203 877 370 957 postremo
393 877 431 938 ut
453 895 519 939 non
536 875 642 939 solum
661 874 793 939 auribus
812 874 1020 959 acciperetur,
1042 874 1098 939 sed

95 962 195 1026 etiam
227 962 328 1026 oculis
361 965 559 1046 comeretur,
591 983 687 1045 quem
714 984 753 1027 ex
780 966 902 1045 quanto
930 983 1029 1048 regno
1058 964 1098 1026 ad

94 1071 191 1132 quam
222 1049 389 1115 fortunam
421 1049 599 1114 detulisset.
648 1054 724 1135 post
750 1049 901 1134 Dionysii
933 1051 1134 1115 decessuma

94 1160 168 1203 eum
194 1136 313 1203 Hiceta
344 1138 492 1222 bellavit,
525 1139 581 1222 qui
613 1139 800 1204 adversatus
828 1143 899 1204 orat
925 1137 1098 1222 Dionysio:

94 1248 190 1309 quem
212 1248 278 1291 non
301 1226 374 1291 odio
398 1226 578 1310 tyrannidis
606 1227 811 1312 dissensisse,
837 1226 893 1293 sed
920 1227 1097 1311 cupiditate

93 1315 213 1379 indicio
236 1313 309 1398 suit,
332 1314 418 1397 quod
441 1315 510 1400 ipse
534 1316 667 1398 expulso
686 1314 844 1400 Dionysio
862 1315 1035 1401 imperium
1053 1315 1098 1379 di·

94 1403 225 1466 mittere
242 1403 356 1467 noluit.
388 1403 450 1468 hoo
468 1407 620 1488 superato
635 1403 804 1469 Timoleon
818 1405 974 1470 maximas
988 1404 1098 1488 copias
1115 1421 1133 1472 4

94 1490 417 1576 Karthaginiensium
445 1491 529 1576 apud
553 1490 733 1557 Crinissum
760 1492 880 1557 flumen
906 1491 1033 1578 fugavit
1060 1514 1098 1557 ac

95 1578 176 1643 satis
197 1577 317 1643 habere
345 1578 465 1665 codgit,
495 1580 524 1644 si
550 1579 663 1644 liceret
686 1579 832 1644 Africam
854 1581 1015 1664 obtinere,
1042 1580 1099 1662 qui

94 1667 160 1732 iam
183 1667 364 1750 complures
388 1688 488 1732 annos
518 1667 760 1751 possessionem
783 1666 912 1732 Siciliae
935 1668 1098 1732 tenebant.

95 1756 182 1839 cepit
213 1756 313 1819 etiam
343 1754 558 1839 Mamercum,
580 1754 742 1819 ltalicum
774 1755 903 1840 ducem,
933 1755 1098 1820 hominem

94 1844 286 1908 bellicosum
309 1847 342 1907 at
363 1846 545 1927 potentem,
568 1843 625 1926 qui
647 1847 802 1927 tyrannos
825 1844 972 1908 adiutum
993 1844 1028 1907 in
1051 1842 1099 1908 Si·

96 1932 204 1997 ciliam
227 1935 367 1995 venerat.

184 2019 308 2096 Quibus
327 2020 423 2083 rebus
442 2019 597 2085 confectis
615 2041 690 2085 cum
702 2024 837 2105 propter
850 2021 1098 2086 diuturnitatem
1116 2025 1137 2090 3

94 2108 173 2172 bclli
200 2129 267 2172 non
294 2108 400 2172 solum
427 2108 588 2194 regiones,
620 2109 676 2172 sed
704 2109 804 2174 etiam
829 2110 926 2173 nrbes
954 2109 1097 2174 desertas

94 2197 228 2281 videret,
250 2196 446 2278 conquisivit
469 2218 550 2280 quos
568 2198 687 2281 potuit,
709 2198 851 2282 primum
866 2196 1001 2282 Siculos,
1024 2198 1098 2261 dein

95 2283 254 2351 Corintho
277 2284 445 2349 arcessivit
468 2286 614 2369 colonos,
644 2285 729 2368 quod
757 2287 797 2350 ab
820 2285 861 2349 iis
883 2285 979 2349 initio
1004 2283 1097 2368 Syra

95 2395 190 2438 cusae
213 2377 306 2437 erant
328 2373 484 2438 conditae.
530 2373 655 2438 civibus
677 2373 840 2438 veteribus
863 2394 922 2437 sua
944 2373 1132 2456 restituite

95 2461 187 2525 novis
215 2460 301 2524 bello
327 2460 531 2525 vacuefactas
558 2460 780 2546 possessiones
812 2459 936 2544 diusit,
967 2461 1097 2524 urbium

96 2548 223 2613 moenia
254 2548 388 2613 disiecta
418 2548 557 2632 fanaque
590 2549 717 2614 detecta
748 2547 877 2631 refecit,
909 2548 1096 2614 civitatibus
1170 2622 1173 2630 ¹

95 2637 183 2722 leges
206 2636 455 2718 libertatemque
476 2636 628 2700 reddidit:
651 2659 690 2701 ex
708 2637 849 2701 maximo
867 2636 954 2701 bello
968 2641 1097 2702 tantum

96 2725 200 2790 otium
227 2727 317 2788 totae
344 2724 468 2788 insulae
496 2724 694 2808 conciliavit,
724 2729 762 2789 ut
790 2724 844 2789 hic
872 2724 1021 2790 conditor
1046 2747 1098 2790 ur·

95 2813 186 2877 bium
208 2834 327 2896 earum,
348 2833 414 2876 non
436 2812 486 2875 illi
509 2813 565 2895 qui
582 2812 677 2877 initio
698 2812 903 2898 deduxerant,
925 2813 1097 2878 videretur.

95 2923 202 2966 arcem
226 2899 404 2984 Syracusis,
428 2922 525 2983 quam
547 2900 708 2965 munierat
725 2900 902 2984 Dionysius
925 2901 965 2965 ad
983 2902 1096 2965 urbem
1115 2919 1132 2968 a

96 2990 313 3072 obsidendam,
337 3010 356 3053 a
378 2987 597 3053 fundamentis
621 2988 762 3073 disiecit,
785 2993 893 3054 cetera
915 2989 1095 3072 tyrannidis

94 3078 338 3163 propugnacula
356 3077 529 3142 demolitus
548 3081 599 3142 est
617 3076 767 3160 deditque
787 3099 928 3161 operam,
947 3080 1096 3159 utquam

95 3166 227 3231 minime
246 3166 350 3230 multa
367 3165 507 3250 vestigia
521 3164 688 3230 servitutis
703 3169 877 3230 manerent.
906 3187 980 3230 cum
994 3165 1095 3229 tantis
1114 3181 1131 3230 4

95 3258 182 3320 esset
204 3255 329 3338 opibus,
351 3258 389 3318 ut
407 3254 506 3317 etiam
524 3253 635 3317 invitis
653 3253 811 3338 imperare
824 3257 945 3337 posset,
967 3257 1097 3317 tantum

95 3347 204 3407 autem
227 3363 370 3424 amorem
392 3341 527 3406 haberet
550 3341 694 3406 omnium
718 3339 913 3424 Siculorum,
941 3344 980 3404 ut
1005 3341 1095 3406 nullo

94 3435 263 3496 recusante
282 3450 419 3516 regnum
433 3431 579 3495 obtinere
594 3431 700 3515 liceret
714 3429 830 3495 maluit
844 3451 878 3495 se
892 3428 986 3510 diligi
999 3450 1105 3508 quam

95 3520 204 3585 metui.
250 3520 375 3606 itaque,
403 3541 476 3585 cum
500 3518 645 3606 primum
663 3518 798 3605 potuit,
812 3515 1006 3598 'imperim
1022 3512 1129 3581 neqe-

939 3609 979 3659 Q*
