2460 3848
143 191 207 255 110
444 189 529 244 XXV.
547 188 708 246 ATTIOUs.
737 194 849 246 16-18.

142 334 330 419 aequalibus
358 338 466 399 autem
494 334 561 398 suis
589 334 625 410 Q.
653 333 830 399 Hortensio
859 337 892 398 et
918 333 962 398 Μ.
990 332 1143 401 Cicerone

142 424 189 488 sic
215 423 310 506 vixit,
341 426 379 488 ut
406 419 547 486 iudicare
576 422 707 487 difficile
739 423 796 506 sit,
828 423 880 488 cui
912 423 1015 486 aetati
1044 422 1145 488 fuerit

106 511 340 594 raptissimus.
377 531 573 594 quamquam
596 532 669 575 cum
691 510 862 594 praecipue
885 511 1000 576 dilexit
1022 509 1145 595 Cicero,

140 604 179 664 111
204 620 245 663 ne
271 598 374 662 frater
400 598 530 682 quidem
553 598 584 662 ei
607 597 747 673 Quintus
771 598 876 663 carior
897 598 998 664 fuerit
1020 602 1078 664 aut
1099 599 1145 663 fa

106 687 307 751 amiliarior.
352 686 382 750 ei
404 686 452 751 rei
475 689 551 751 sunt
577 686 696 751 indicio
726 690 856 769 praeter
882 707 937 752 eos
964 687 1081 771 libros,
1109 688 1145 751 in

142 775 258 858 quibus
286 775 324 839 de
352 795 390 839 eo
422 773 502 840 facit
534 774 745 858 mentionem,
777 775 833 858 qui
861 774 897 839 in
922 775 1040 860 vulgus
1068 778 1145 840 sunt

141 864 229 947 editi,
251 863 390 927 sedecim
408 862 573 927 volumina
591 862 814 946 epistularum,
832 863 872 926 ab
887 863 1058 927 consulatu
1074 863 1144 928 eius

140 972 241 1034 usque
269 951 309 1015 ad
337 955 516 1015 extremum
548 953 677 1034 tempus
709 950 749 1014 ad
775 948 925 1016 Atticum
957 951 1144 1016 missarum:
1222 959 1226 966 ’

141 1061 223 1123 quae
246 1039 302 1123 qui
324 1038 422 1124 legat,
443 1059 509 1103 non
532 1039 671 1102 multum
694 1038 854 1102 desideret
875 1039 1048 1104 historiam
1071 1061 1144 1103 con-

104 1146 122 1194 4
141 1131 265 1191 textam
288 1148 400 1191 eorum
422 1129 614 1209 temporum.
655 1126 702 1191 sic
725 1127 811 1190 enim
834 1127 943 1191 omnia
965 1127 1004 1191 de
1027 1127 1143 1191 studiis

139 1215 335 1299 principum,
365 1214 455 1278 vitiis
487 1214 617 1299 ducum,
649 1214 885 1279 mutationibus
917 1216 964 1279 rei
995 1215 1144 1298 publicae

139 1303 322 1387 perscripta
344 1305 429 1385 sunt,
447 1305 489 1366 ut
510 1302 592 1366 nihil
616 1303 651 1367 in
673 1303 719 1368 cis
736 1323 804 1367 non
821 1307 979 1387 appareat
997 1307 1030 1367 et
1048 1301 1143 1368 facile

141 1391 321 1454 existimari
342 1390 457 1474 possit,
479 1390 685 1474 prudentiam
703 1391 844 1474 quodam
863 1391 958 1456 modo
977 1411 1047 1455 esse
1066 1390 1144 1455 divi-

140 1479 315 1543 nationem.
359 1479 535 1543 nonenim
558 1476 671 1543 Oicero
694 1500 733 1542 ea
759 1479 878 1562 solum,
906 1500 987 1563 quae
1010 1478 1084 1544 vivo
1109 1500 1143 1543 se

141 1566 334 1650 acciderunt,
355 1565 466 1631 futura
484 1567 653 1651 praedixit,
676 1567 732 1631 scd
750 1566 859 1652 etiam,
881 1589 963 1651 quae
980 1587 1066 1631 nunc
1082 1588 1144 1632 usu

141 1656 282 1739 veniunt,
305 1654 423 1719 cecinit
443 1658 482 1718 ut
504 1658 603 1719 vates.

89 1743 128 1806 17
227 1742 277 1807 De
303 1743 425 1827 pietate
456 1746 565 1807 autem
591 1742 696 1807 Attici
724 1743 801 1827 quid
828 1743 923 1827 plura
952 1765 1144 1809 commemo·

140 1831 230 1895 rem?
275 1853 349 1896 cum
377 1831 441 1895 hoc
467 1831 575 1913 ipsum
602 1852 676 1895 vere
703 1831 898 1915 gloriantem
926 1831 1082 1896 audierim
1109 1832 1144 1896 in

139 1919 251 1983 funere
273 1919 388 1984 matris
412 1940 497 2002 suae,
520 1940 617 2002 quam
640 1919 757 1983 extulit
780 1941 938 1984 annorum
954 1920 1144 2006 nonaginta,

141 2028 213 2071 cum
235 2008 299 2088 epse
320 2011 394 2071 essct
416 2010 541 2090 septem
564 2011 597 2071 et
620 2007 798 2092 sexaginta,
822 2029 856 2071 se
874 2029 1051 2091 numquam
1069 2030 1143 2074 cum

140 2098 244 2158 matre
262 2094 297 2158 in
315 2093 456 2178 gratiam
474 2094 605 2178 redisse,
625 2116 803 2178 numquam
822 2116 895 2159 cum
913 2117 1024 2161 sorore
1041 2095 1143 2161 fuisse

105 2183 175 2247 ain
202 2181 382 2266 srmultate,
410 2202 508 2264 quam
534 2203 635 2266 prope
662 2183 829 2265 aequalem
860 2183 1011 2248 habebat
1056 2184 1143 2268 quod

140 2273 190 2335 est
218 2271 347 2355 signum
375 2274 433 2334 aut
458 2269 582 2335 nullam
608 2291 762 2353 umquam
791 2271 878 2335 inter
905 2293 959 2337 eos
984 2273 1143 2356 qucrimo-

139 2359 228 2423 niam
259 2358 493 2443 intercessisse,
525 2361 582 2422 aut
608 2359 693 2423 hunc
724 2380 761 2422 ea
791 2358 892 2423 fuisse
923 2360 958 2424 in
989 2381 1064 2425 suos
1096 2360 1144 2424 in·

140 2448 319 2532 dulgentia,
349 2449 400 2530 ut,
432 2467 513 2530 quos
544 2468 651 2512 amare
678 2446 822 2533 deberet,
853 2447 950 2512 irasci
977 2448 1023 2513 eis
1050 2447 1142 2513 nefas

104 2551 120 2599 3
140 2536 279 2600 duceret.
305 2555 409 2618 neque
422 2535 456 2599 id
469 2534 548 2599 fecit
560 2539 679 2599 natura
692 2535 806 2620 solum,
821 2557 1016 2619 quamquam
1031 2557 1142 2601 omnes

140 2624 169 2687 ei
191 2644 355 2707 paremus,
382 2623 559 2687 sedetiam
582 2623 741 2687 doctrina:
770 2645 846 2687 nam
868 2623 1051 2708 principum
1072 2623 1143 2708 phi·

139 2711 349 2795 losophorum
371 2711 420 2774 ita
445 2714 598 2795 percepta
623 2710 740 2775 habuit
765 2715 951 2796 praecepta,
977 2712 1078 2778 111111
1101 2713 1143 2777 ad

139 2800 242 2865 vitam
265 2799 431 2884 agendam,
452 2821 519 2863 non
541 2800 582 2864 ad
605 2799 857 2865 ostentationem
878 2803 1033 2866 uteretur.

89 2888 129 2952 18
226 2886 328 2952 Moris
352 2887 451 2951 etiam
474 2886 634 2952 maiorum
656 2909 801 2953 summus
828 2887 975 2952 imitator
1002 2887 1066 2953 fuit
1089 2909 1142 2952 an-

139 2975 367 3060 tiquitatisque
400 2979 541 3060 amator,
578 2997 675 3060 quam
706 2976 786 3041 adeo
819 2977 991 3061 diligenter
1026 2976 1143 3040 habuit

141 3065 319 3150 cognitam,
345 3067 383 3128 ut
410 3084 481 3128 eam
508 3066 614 3128 totam
640 3064 675 3126 in
701 3085 739 3128 eo
762 3064 925 3128 volumine
948 3064 1142 3148 exposuerit,

104 3168 120 3214 2
140 3174 204 3235 quo
227 3151 439 3236 magistratus
463 3151 632 3216 ordinavit
667 3152 757 3216 nulla
775 3153 861 3216 enim
883 3153 936 3216 lex
957 3173 1060 3235 neque
1079 3174 1143 3236 pax

139 3261 241 3322 neque
268 3239 390 3304 bellum
417 3260 520 3322 neque
547 3261 598 3306 res
626 3239 764 3304 illustris
787 3244 837 3304 est
858 3240 971 3324 populi
994 3240 1142 3324 Romani,

141 3349 222 3410 quae
245 3349 311 3392 non
328 3327 363 3391 in
381 3349 419 3392 eo
439 3349 497 3392 suo
517 3331 662 3411 tempore
682 3328 727 3392 sit
743 3331 867 3413 notata,
891 3331 933 3412 et,
956 3329 1042 3412 quod
1060 3327 1142 3393 diffi-

140 3416 296 3479 cillimum
322 3414 399 3500 11111,
427 3416 473 3481 sic
495 3414 692 3480 familiarum
714 3416 873 3501 originem
896 3417 1076 3502 subtexuit,
1104 3419 1143 3480 ut

125 3520 170 3559 ex
190 3523 230 3563 eo
254 3504 419 3568 clarorum
445 3504 589 3570 urorum
616 3504 811 3591 propagines
839 3505 1002 3588 possimus
1025 3525 1142 3590 cogno·
