2460 3848
399 183 472 240 XIX.
493 183 661 240 PHOCION.
690 192 714 239 3.
734 192 758 239 4.
1042 184 1083 250 81

82 333 217 412 utraque
249 328 462 394 Macedonum
497 328 687 411 patrociniis
719 329 886 392 utebatur:
922 351 999 393 nam
1030 351 1085 414 po

80 418 209 501 pulares
237 417 490 500 Polyperchonti
517 416 682 499 favebant,
711 417 884 500 optimates
914 439 987 482 oum
1010 416 1085 483 Oas-

82 505 199 570 sandro
227 506 418 569 sentiebam.
463 504 595 568 interim
623 526 642 566 a
668 503 926 588 Polyperchonte
951 504 1121 573 Cassan-a

82 595 159 658 drus
173 592 362 658 Macedonia
375 594 487 676 pulsus
502 596 560 656 est.
594 612 657 675 quo
676 591 922 678 faotopopulus
937 594 1085 677 superior

82 681 189 746 factus
212 682 326 746 statim
348 681 444 746 duces
468 680 668 745 adversariae
690 679 842 745 factionis
864 681 980 764 capitis
999 681 1086 746 dam-

82 775 178 834 natos
196 770 303 855 patria
324 769 480 853 propulit,
502 769 536 832 in
555 768 601 833 eis
620 766 818 833 Phocionem
837 772 870 834 et
883 769 1086 834 Demetrium

83 858 289 943 Phalereum,
318 858 420 941 deque
448 878 485 921 ea
512 878 546 920 re
574 856 700 942 legatos
729 857 769 920 ad
792 856 1086 941 Polyperchontem

84 947 184 1030 misit,
207 947 263 1029 qui
285 947 327 1010 ab
350 968 388 1011 eo
411 949 560 1029 peterent
581 948 619 1009 ut
642 967 700 1009 sua
723 945 852 1010 decreta
871 946 1086 1011 confirmaret.

82 1036 146 1100 huo
169 1035 281 1099 eodem
303 1033 468 1118 profectus
492 1037 543 1097 est
565 1032 718 1098 Phocion.
753 1055 816 1116 quo
839 1037 878 1098 ut
894 1034 992 1118 venit,
1016 1053 1121 1100 cau-a

84 1145 154 1188 sam
181 1123 266 1207 apud
293 1122 481 1205 Philippum
508 1142 618 1207 regem
645 1123 758 1205 verbo,
790 1143 824 1186 re
856 1121 928 1207 ipsa
958 1121 1087 1205 quidem

84 1211 169 1295 apud
196 1211 490 1294 Polyperchontem
520 1209 627 1274 iussus
656 1214 707 1274 est
735 1210 854 1275 dicere:
890 1231 1030 1292 namque
1058 1211 1086 1274 is

84 1304 155 1365 tum
178 1299 264 1385 regis
287 1300 384 1363 rebus
406 1301 564 1382 praeerat.
607 1297 661 1362 hic
684 1299 725 1362 ab
748 1297 885 1384 Agnone
909 1302 1125 1383 aocusatus,r

84 1388 170 1471 quod
197 1385 348 1450 Piraeum
375 1384 532 1451 Nicanori
558 1385 767 1469 prodidisset,
796 1408 835 1450 ex
862 1387 991 1452 consilii
1019 1409 1089 1451 sen-

85 1475 190 1540 tentia
216 1475 251 1538 in
278 1474 457 1539 custodiam
481 1473 644 1539 coniectus
667 1472 814 1537 Athenas
842 1475 1000 1539 'deductus
1029 1481 1089 1559 est,

85 1567 123 1628 ut
145 1562 192 1626 ibi
214 1563 253 1626 de
277 1584 315 1627 eo
338 1562 465 1648 legibus
488 1562 582 1625 fieret
605 1561 767 1625 iudicium.

172 1649 245 1714 Huc
267 1655 306 1715 ut
327 1653 518 1734 perventum
542 1652 602 1731 est,
625 1669 698 1712 cum
720 1652 854 1732 propter
877 1653 1019 1713 aetatem
1036 1652 1130 1733 pe-4

85 1740 179 1803 dibus
201 1738 267 1801 iam
289 1759 355 1802 non
377 1737 500 1801 valeret
522 1735 733 1818 vehiculoque
755 1739 955 1821 portaretur,
979 1738 1089 1823 magni

85 1846 259 1891 concursus
284 1830 359 1889 sunt
386 1823 478 1907 facti,
506 1845 579 1887 cum
606 1823 675 1906 alii,
702 1824 945 1888 reminiscentes
969 1825 1088 1889 veteris

86 1914 200 1996 famae,
224 1913 341 1976 aetatis
365 1912 610 1995 misererentur,
632 1911 765 1995 plurimi
788 1934 864 1976 vero
887 1912 937 1976 ira
960 1934 1090 1978 exacue-

86 2005 199 2065 rentur
220 2003 354 2084 propter
376 1999 569 2085 proditionis
593 2000 810 2083 suspicionem
834 1999 966 2083 [Piraei]
991 2003 1090 2066 maxi-

87 2110 200 2172 meque
235 2088 320 2172 quod
348 2089 499 2153 adversus
525 2089 638 2172 populi
665 2089 833 2154 commoda
865 2090 900 2154 in
923 2094 1089 2155 senectute

87 2181 232 2242 steterat.
279 2199 376 2261 quare
402 2199 443 2242 ne
468 2177 640 2261 perorandi
667 2178 797 2261 quidem
820 2178 850 2242 ei
873 2178 949 2242 data
972 2183 1023 2242 est
1044 2177 1126 2244 faa

87 2267 191 2332 cultas
214 2265 335 2331 dicenti
358 2287 489 2332 causam
511 2265 546 2330 in
563 2266 696 2331 iudicio:
719 2265 876 2351 legitimis
897 2266 1090 2348 quibusdam

87 2354 243 2419 confectis
267 2354 436 2418 damnatus
461 2354 599 2419 traditus
624 2357 674 2419 est
700 2353 941 2436 undecimviris,
972 2354 1089 2434 quibus

88 2442 128 2506 ad
160 2442 354 2525 supplicium
387 2463 475 2506 more
505 2440 753 2506 Atheniensium
784 2439 911 2524 publice
944 2440 1090 2504 damnati

87 2530 173 2594 tradi
196 2530 310 2593 solent.
354 2529 408 2594 hic
432 2550 504 2593 cum
531 2529 571 2592 ad
598 2532 737 2593 mortem
764 2528 947 2610 duceretur,
975 2529 1126 2594 obviuse

88 2618 118 2683 ei
144 2617 208 2682 fuit
234 2616 442 2700 Euphiletus,
475 2638 537 2699 quo
565 2616 769 2681 familiariter
796 2615 903 2679 fuerat
929 2637 1016 2680 usus.
1061 2617 1090 2680 is

88 2728 162 2771 oum
188 2705 361 2769 lacrimans
389 2704 523 2768 dixisset
550 2703 581 2768 ‘o
610 2725 706 2787 quam
737 2704 871 2789 indigna
902 2705 1091 2790 perpeteris,

88 2793 258 2858 Phocionl’
290 2793 365 2857 huic
392 2793 447 2856 ille
470 2791 517 2855 ‘at
538 2813 604 2857 non
631 2792 809 2874 inopinata'
833 2791 955 2875 inquit:
993 2792 1090 2857 ‘huno

89 2882 174 2946 enim
193 2881 314 2946 exitum
332 2881 476 2964 plerique
491 2880 570 2944 clari
582 2880 644 2944 viri
657 2880 840 2944 habuerunt
853 2878 1089 2946 Athenienses?

88 2970 123 3034 in
140 2969 202 3034 hoo
220 2973 349 3035 tantum
366 2968 430 3033 fuit
449 2968 557 3032 odium
576 2969 803 3052 multitudinis,
825 2972 863 3033 ut
883 2990 978 3033 nemo
993 2991 1089 3033 ausus
1109 2987 1128 3036 a

90 3059 133 3121 sit
160 3080 234 3122 eum
260 3058 343 3122 liber
373 3056 517 3140 sepelire.
561 3056 671 3139 itaque
695 3079 714 3121 a
738 3057 838 3122 servis
863 3058 1007 3141 sepultus
1032 3062 1090 3123 est.
