2460 3848
379 209 438 265 ΧΠ.
458 208 645 265 cursuras.
674 216 752 267 a-r.
1025 216 1070 279 45

66 355 192 440 stravit,
216 375 289 418 cum
311 354 376 418 dux
393 354 643 419 Atheniensium
666 359 766 440 esset3
788 357 823 421 in
841 355 992 443 Aegypto
1012 381 1070 424 sua

65 447 181 528 sponte
218 442 334 528 gessit:
369 464 446 507 nam
481 441 683 508 Nectenebin
721 444 868 510 adiutum
903 445 1069 530 profectus

64 553 202 617 regnum
225 531 255 595 ei
278 531 459 596 constituit.
504 531 582 596 fecit
609 532 695 596 idem
718 530 831 617 Cypri,
858 533 915 598 sed
940 535 1103 618 publices

64 621 106 685 ab
121 618 375 684 Atheniensibus
393 618 564 704 Euagorae
583 620 712 684 adiutor
730 620 834 706 datus,
856 644 960 705 neque
978 624 1068 707 prius

64 708 139 772 inde
162 708 326 792 discessit,
349 730 447 791 quam
471 712 577 772 totam
598 708 740 773 insulam
763 709 848 774 bello
872 711 1068 777 devinceret:

65 818 130 880 qua
152 818 192 861 ex
213 818 248 861 re
270 795 487 860 Athenienses
510 818 663 882 magnam
690 797 829 882 gloriam
852 804 928 863 sunt
951 801 1068 884 adepti.

64 885 196 949 interim
222 885 344 949 bellum
370 885 457 949 inter
478 883 662 970 Aegyptios
690 889 723 949 et
745 883 862 952 Persas
892 889 1102 955 conflatums

64 976 124 1038 est.
154 972 370 1038 Athenienses
390 971 660 1039 cum'Artaxerxe
683 974 872 1039 societatem
895 977 1068 1062 habebant,

62 1060 310 1127 Lacedaemonii
333 1082 406 1126 cum
428 1059 615 1146 Aegyptiis,
637 1085 658 1126 a
681 1063 798 1146 quibus
822 1085 957 1150 magnas
979 1087 1068 1149 prae-

63 1150 120 1214 das
143 1150 326 1236 Agesilaus,
348 1171 405 1213 rex
428 1170 555 1233 eorum,
577 1149 727 1216 iaciebat.
772 1152 805 1216 id
832 1152 962 1218 intuens
986 1151 1068 1219 Cha-

62 1239 165 1324 brias,
192 1260 266 1303 cum
287 1239 323 1302 in
345 1259 380 1301 re
402 1238 492 1302 nulla
514 1237 670 1322 Agesilao
694 1240 834 1325 cederet,
865 1263 923 1306 sua
951 1246 1067 1327 sponte

63 1349 118 1393 eos
142 1327 288 1392 adiutum
310 1325 476 1410 proiectus
499 1326 682 1411 Aegyptiae
705 1328 802 1394 classi
830 1329 985 1414 praefuit,
1014 1352 1067 1414 pe·

62 1415 225 1481 destribus
248 1415 349 1499 copiis
372 1414 555 1500 Agesilaus.
798 1467 799 1470 ,

151 1503 234 1567 Tum
251 1502 407 1586 praefecti
421 1503 507 1588 regis
522 1502 639 1567 Persae
653 1503 780 1589 legatos
795 1505 954 1571 miserunt
966 1507 1066 1573 Athe·
1084 1506 1105 1571 3

62 1613 121 1656 nas
145 1595 304 1676 questum,
326 1591 412 1675 quod
435 1589 593 1656 Chabrias
616 1590 786 1656 adversum
810 1615 921 1679 regem
943 1595 1065 1659 bellum

62 1685 190 1766 gereret
208 1702 282 1745 cum
300 1679 482 1764 Aegyptiis.
509 1677 724 1744 Athenienses
743 1679 829 1744 diem
848 1686 970 1746 certam
985 1680 1065 1746 Cha·

61 1768 151 1833 briae
173 1767 439 1851 praestituerunt,
463 1787 560 1849 quam
583 1770 658 1829 ante
681 1766 812 1831 domum
834 1769 898 1833 nisi
920 1770 1065 1854 redisset,

62 1857 179 1940 capitis
208 1878 242 1921 se
269 1855 363 1918 illum
392 1855 603 1918 damnaturos
633 1853 872 1921 denuntiarunt.
916 1857 979 1921 hoc
1009 1857 1064 1922 ille

60 1945 176 2009 nuntio
200 1943 346 2007 Athenas
369 1942 474 2026 rediit,
496 1962 600 2026 neque
622 1941 669 2005 ibi
693 1942 813 2009 diutins
837 1949 887 2009 est
909 1949 1065 2032 moratus,

62 2054 160 2117 quam
181 2031 246 2097 fuit
267 2052 407 2097 necesse.
446 2053 512 2095 non
535 2031 620 2096 enim
643 2030 782 2096 libenter
804 2038 876 2097 erat
898 2038 973 2099 ante
992 2049 1099 2099 ocu-2

60 2122 110 2186 los
134 2143 266 2186 suorum
290 2120 416 2204 civium,
440 2120 525 2203 quod
548 2125 582 2184 et
604 2119 735 2184 vivebat
756 2121 845 2186 laute
869 2126 902 2187 et
919 2123 1063 2208 indulge

59 2210 118 2274 bat
151 2211 213 2275 sibi
244 2209 425 2293 liberalius,
458 2231 555 2292 quam
581 2210 619 2271 ut
647 2208 803 2273 invidiam
829 2211 919 2296 vulgi
951 2215 1063 2295 posset

60 2299 209 2384 effugere.
241 2302 292 2362 est
306 2298 392 2362 enim
405 2297 467 2361 hoc
482 2295 651 2362 commune
665 2297 781 2362 vitium
795 2299 922 2383 magnis
937 2298 1062 2363 liberis-
1080 2315 1097 2362 s

60 2408 122 2470 que
142 2387 338 2470 civitatibus,
356 2389 394 2449 ut
411 2385 532 2449 invidia
551 2385 674 2470 gloriae
689 2407 796 2450 comes
811 2387 855 2450 sit
874 2389 907 2450 et
924 2385 1063 2450 libenter
1134 2397 1137 2404 '

60 2476 99 2540 de
121 2474 163 2539 iis
187 2474 372 2557 detrahant,
401 2494 481 2556 quos
505 2474 645 2538 eminere
668 2473 798 2538 videant
821 2473 932 2558 altius,
959 2495 1061 2557 neque

59 2563 168 2628 animo
187 2583 290 2645 aequo
312 2583 468 2645 pauperes
487 2561 626 2625 alienam
645 2561 845 2645 opulentiam
865 2562 1062 2628 intueantur.

58 2652 170 2734 itaque
193 2649 365 2733 Chabrias,
393 2649 498 2732 quoad
521 2650 551 2713 ei
578 2649 710 2733 licebat,
737 2649 914 2733 plurimum
940 2651 1061 2716 aberat.

58 2761 162 2823 neque
192 2759 269 2802 vero
302 2737 390 2801 solus
421 2737 477 2800 ille
510 2738 624 2801 aberat
649 2736 788 2802 Athenis
820 2737 973 2823 libenter,
1005 2739 1094 2804 sede

59 2849 170 2893 omnes
193 2826 261 2891 fere
283 2825 445 2909 principes
468 2824 614 2890 fecerunt
636 2826 735 2910 idem,
765 2826 851 2909 quod
874 2830 1002 2891 tantum
1025 2849 1059 2892 se

58 2917 99 2981 ab
127 2916 249 2981 invidia
275 2914 436 2998 putabant
463 2913 623 2998 abituros,
654 2917 811 2996 quantum
838 2935 857 2978 a
885 2919 1060 2998 conspectu

59 3026 191 3070 suorum
222 3003 423 3069 recesserint.
467 3002 578 3085 itaque
608 3000 721 3067 Conon
751 3003 928 3085 plurimum
960 3001 1059 3086 Cypri

57 3094 148 3177 vixit,
169 3093 350 3177 Iphicrates
374 3090 409 3152 in
422 3088 587 3171 Thraecia,
605 3087 794 3152 {timotheus
808 3088 914 3173 Lesbi,
938 3089 1059 3156 Chares

58 3179 161 3267 Sigei,
192 3180 360 3245 dissimilis
388 3177 518 3262 quidem
545 3175 665 3242 Chares
697 3177 814 3242 horum
841 3181 874 3242 et
900 3177 997 3242 factis
1026 3182 1059 3242 et

56 3270 215 3354 moribus,
243 3268 298 3334 sed
325 3272 435 3332 tamen
457 3265 595 3330 Athenis
619 3270 653 3331 et
675 3266 852 3330 honoratus
877 3270 910 3330 et
931 3270 1058 3350 potens.

145 3356 303 3423 Chabrias
334 3361 443 3420 autem
474 3354 571 3438 periit
602 3354 689 3419 bello
720 3355 833 3419 sociali
864 3354 925 3418 tali
953 3355 1097 3419 modo.4

56 3447 289 3533 oppugnabant
307 3444 523 3510 Athenienses
543 3441 669 3508 Chium.
706 3448 776 3507 erat
798 3443 837 3506 in
856 3443 966 3505 classe
978 3441 1068 3503 Char

55 3536 142 3600 brias
164 3535 329 3620 privatus,
360 3534 417 3601 sed
442 3555 572 3624 omnes,
603 3533 663 3621 uiri
685 3533 728 3599 in
751 3531 972 3614 magis‘uahu
988 3525 1108 3592 suada„
