2460 3848
104 168 151 235 84
437 189 500 246 xx
518 193 719 250 rnromou.
746 201 824 249 a-c.

106 322 178 419 aare
201 343 242 390 tt
265 329 423 413 privatus
445 333 632 421 Syracusis,
661 337 747 421 quod
769 335 929 419 reliquum
952 335 1037 399 vitae
1059 333 1132 417 fuit,

106 412 206 475 ¹1¹1&
221 502 230 515 ἱ
244 435 356 503 noque
377 445 456 489 uero
479 424 514 488 id
535 425 688 509 imperite
710 424 802 488 fecit:
824 445 900 488 nam
924 424 1010 506 quod
1033 423 1133 488 ceteri

108 512 211 583 “2¹¹⁸
219 509 364 591 mpelio
376 515 567 595 potuerunt,
579 512 633 578 hic
647 512 866 576 benivolentia
879 512 995 575 tenuit.
1023 510 1132 576 nullus

109 580 225 658 hunos
251 592 332 662 huie
358 598 477 685 defuit,
507 621 612 683 neque
640 603 756 683 postea
784 621 836 664 res
868 600 936 664 ulla
964 598 1133 683 Syracusis

146 682 215 777 =ia
240 687 296 748 est
321 687 468 772 publice,
496 688 536 753 de
563 709 627 771 qua
653 688 745 772 prius
773 689 818 753 sit
844 689 1008 753 decretum
1036 709 1134 771 quam

86 772 95 821 i
135 850 171 867 ..
193 766 341 839 alsontia
363 776 528 841 sententia
551 775 691 862 cognita
736 776 856 842 nullius
883 797 1038 859 umquam
1061 797 1134 841 con·

115 851 234 923 ullum
246 879 318 927 non
328 862 427 929 modo
441 864 632 948 antelatum,
646 865 702 929 sed
716 887 757 930 ne
771 869 995 948 comparatum
1005 864 1135 948 quidem

116 944 207 1100 ”kd
216 966 326 1103 urguo
338 950 374 1015 id
391 952 497 1037 magis
511 953 577 1018 cita
593 952 814 1018 benivolentia
833 952 1022 1018 factumest
1037 974 1135 1035 quam

117 1049 184 1113 ΡΝ
205 1055 249 1102 Q
276 1058 306 1104 δ.
1115 1084 1122 1098 ,

86 1116 103 1179 ⁴
211 1122 279 1192 Hic
304 1147 380 1192 cum
407 1131 516 1193 aetate
542 1130 609 1194 iam
635 1135 808 1214 provectus
838 1132 933 1213 esset,
965 1128 1034 1193 sine
1063 1129 1132 1192 ullo

119 1211 242 1309 morbo
267 1213 394 1280 lumina
422 1218 591 1284 oculorum
620 1219 739 1284 amisit.
789 1239 887 1303 quarn
914 1216 1135 1282 calamitatem

120 1299 171 1363 ιδ
188 1299 363 1400 moderate
381 1304 470 1391 tulit,
492 1311 530 1372 ut
547 1329 651 1392 neque
670 1329 743 1372 eum
762 1309 949 1390 querentem
963 1306 1134 1389 quisquam

120 1384 266 1487 audierit
291 1411 398 1476 neque
426 1415 464 1459 eo
495 1395 601 1461 minus
632 1395 770 1480 privatis
801 1394 1006 1478 publicisque
1037 1393 1134 1456 rebus

87 1473 321 1576 ilnterluerit
353 1482 507 1548 veniebat
529 1488 638 1549 autem
656 1484 691 1548 in
709 1482 883 1566 theatrum,
906 1504 980 1548 cum
997 1480 1045 1546 ibi
1063 1502 1136 1546 con-

123 1561 240 1665 olhum
265 1568 382 1652 populi
408 1571 598 1656 haberetur,
626 1575 761 1656 propter
782 1570 1001 1635 valetudinem
1023 1573 1135 1634 vectus

122 1653 282 1720 iumentis
305 1656 437 1746 iunctis,
460 1665 557 1745 atque
580 1662 629 1726 ita
650 1661 688 1724 ‹le
711 1659 858 1724 vehiculo
883 1679 963 1742 quae
985 1658 1135 1722 videban-

125 1744 183 1807 tur
199 1741 340 1811 (licebat
376 1770 480 1834 neque
498 1750 561 1815 hoc
580 1749 631 1814 illi
649 1748 821 1832 quisquam
843 1747 1010 1812 tribuebat
1028 1767 1136 1830 super·

125 1828 216 1932 biae:
244 1832 330 1899 nihil
359 1839 446 1902 enim
472 1860 626 1922 umquam
652 1859 756 1920 neque
778 1836 921 1901 insolens
943 1856 1047 1918 neque
1070 1834 1137 1919 glo·

93 1935 254 1986 &nouum
267 1943 308 1988 ex
322 1946 378 1990 ore
397 1927 466 1991 eius
485 1927 572 1991 exiit.
604 1925 661 2009 qui
679 1925 818 2010 quidem,
840 1946 914 1989 cum
932 1945 1006 1989 suas
1025 1922 1136 1987 laudes

128 2005 258 2074 audiret
284 2015 479 2099 praedicari,
506 2035 684 2097 numquam
711 2013 799 2077 aliud
821 2012 904 2077 dixit
927 2033 1023 2095 quam
1046 2033 1081 2075 se
1102 2010 1138 2075 in

128 2114 167 2161 aa
188 2116 226 2162 re
249 2103 390 2167 maxime
413 2103 463 2167 dis
486 2123 581 2188 agere
604 2101 726 2186 gratias
757 2104 854 2182 atque
880 2100 1015 2183 habere,
1042 2099 1138 2183 quod,

129 2204 204 2250 oum
229 2184 376 2256 Siciliam
398 2211 541 2255 recreare
565 2188 826 2271 constituissent,
855 2191 927 2252 tum
950 2209 984 2252 se
1006 2186 1138 2270 potissi·

95 2290 223 2341 amum
246 2277 360 2344 ducem
383 2299 452 2343 esse
475 2276 663 2343 voluissent.
690 2276 773 2340 nihil
792 2274 878 2339 enim
896 2296 1004 2339 rerum
1026 2275 1138 2338 huma-

128 2381 250 2432 narum
273 2369 342 2433 sine
365 2367 499 2433 deorum
516 2365 647 2430 numine
665 2364 735 2450 geri
753 2364 909 2448 putabat,
932 2363 1042 2446 itaque
1061 2384 1138 2428 suae

131 2448 222 2518 domi
246 2457 400 2522 sacellum
417 2454 624 2520 Automatias
648 2453 867 2518 constituerat.
884 2452 981 2535 idque
1004 2451 1136 2516 sanctis·

135 2537 218 2607 aime
242 2547 379 2611 colebat.

96 2626 119 2694 5
222 2632 275 2698 Ad
292 2635 375 2698 hanc
393 2631 534 2698 hominis
549 2631 759 2696 excellentem
777 2629 959 2694 bonitatem
973 2627 1138 2693 mirabiles

135 2725 339 2786 accesserant
361 2742 464 2786 casus.
495 2742 571 2785 nam
588 2719 714 2804 proelia
732 2717 872 2783 maxima
889 2717 992 2782 natali
1010 2738 1068 2782 suo
1087 2717 1139 2781 die

134 2806 214 2873 fecit
241 2810 363 2895 omnia,
400 2830 463 2892 quo
490 2807 614 2873 factum
640 2811 692 2872 est
717 2810 756 2872 ut
785 2807 854 2870 eius
884 2806 970 2871 diem
996 2806 1139 2870 natalem

100 2896 257 2965 alostum
279 2899 414 2962 haberet
436 2896 587 2961 universa
610 2894 730 2960 Sicilia.
765 2895 841 2959 huic
864 2895 995 2977 quidam
1012 2893 1139 2978 Laphy-

137 2987 234 3072 stius,
264 2987 362 3052 homo
390 2986 540 3070 petulans
568 2989 601 3049 et
627 2984 788 3070 ingratae,
818 2982 1037 3047 vadimonium
1065 3003 1139 3047 cum

136 3077 235 3140 vellet
257 3076 431 3158 imponere,
454 3073 539 3156 quod
562 3094 635 3137 cum
658 3073 715 3137 illo
739 3071 867 3156 selega
891 3091 986 3156 agere
1010 3070 1140 3155 diceret,

138 3169 171 3229 et
194 3164 375 3248 complures
394 3161 642 3245 concurrissent,
665 3161 720 3243 qui
743 3159 976 3242 procacitatem
999 3158 1140 3224 hominis

138 3253 287 3317 manibus
302 3255 448 3316 co'e‘rcere
463 3253 666 3333 conarentur,
680 3248 849 3312 Timoleon
862 3247 968 3312 oravit
983 3247 1141 3332 homines,

137 3363 177 3405 ne
209 3341 242 3405 id
273 3339 424 3404 facerent.
469 3359 608 3421 namque
640 3337 673 3401 id
704 3340 741 3401 ut
768 3334 948 3420 Laphystio
979 3340 1012 3400 et
1039 3336 1140 3401 cuivis

138 3429 263 3511 liceret,
296 3449 330 3492 se
360 3426 517 3491 maximos
544 3426 672 3490 labores
701 3445 888 3507 summaque
916 3424 1033 3488 adiisse
1059 3423 1142 3507 peri-

122 3515 205 3576 cula.
252 3516 342 3580 hanc
366 3515 453 3581 enim
477 3514 620 3603 speciem
642 3513 805 3578 libertatis
829 3533 909 3596 esse,
931 3513 960 3576 si
983 3513 1142 3601 omnibus,
