2460 3848
137 177 200 240 102
458 175 543 232 xxv.
561 175 723 233 ATTIOUS.
750 182 776 232 4.
796 181 821 231 s.

135 325 224 385 mata
246 321 478 404 pronuntiabat
501 325 535 386 et
558 319 680 386 Graece
703 325 737 386 et
759 319 875 385 Latine
899 321 955 405 sic,
977 324 1016 386 ut
1039 342 1138 404 supra

100 409 217 474 anihil
239 412 350 492 posset
374 410 456 473 addi.
502 409 619 492 quibus
642 409 738 474 rebus
765 408 890 473 factum
912 414 963 474 est
984 413 1022 473 ut
1046 407 1137 474 Sulla

135 518 295 580 nusquam
316 517 386 561 eom
408 498 449 562 ab
473 518 507 562 se
531 497 711 562 dimitteret
734 500 928 582 cuperetque
952 519 1062 562 secum
1085 497 1137 562 de·

136 585 259 649 ducere.
304 584 356 649 oui
379 607 452 650 cum
474 585 666 669 persuadere
693 588 849 669 tentaret,
876 585 969 669 noli,
997 606 1053 651 oro
1082 584 1136 670 te,'

136 673 243 756 inquit
256 671 455 756 Pomponius
474 673 655 738 ‘adversum
674 694 729 738 ecs
747 694 798 737 me
816 673 899 738 velle
917 673 1040 757 ducere,
1063 694 1137 738 cum

136 761 253 844 quibus
275 782 315 824 ne
339 765 453 826 contra
470 765 504 826 te
522 783 612 826 arma
629 761 756 846 ferrem,
778 760 910 826 Italiam
928 760 1064 844 reliqui?
1101 764 1137 825 at

137 847 228 913 Sulla
250 849 465 914 adulescentis
489 849 596 914 officio
616 849 798 915 collaudato
821 849 929 914 omnia
946 869 1080 913 munera
1097 849 1137 934 ei,

137 958 219 1020 quac
241 934 380 1002 Athenis
404 941 580 1022 acceperat,
601 937 808 1022 proficiscens
831 937 929 1003 iussit
951 936 1079 1001 deferri.

100 1041 116 1089 8
223 1023 288 1089 Hic
310 1026 490 1110 complures
514 1047 615 1090 annos
638 1030 796 1109 moratus,
824 1046 897 1089 cum
920 1028 954 1090 et
976 1025 1023 1090 rei
1044 1024 1138 1090 fami·

135 1112 208 1177 liari
235 1117 364 1177 tantum
391 1135 507 1196 operae
540 1114 645 1198 daret,
678 1117 835 1197 quantum
864 1133 932 1178 non
962 1112 1136 1198 indiligens

135 1201 267 1264 deberet
289 1204 383 1285 pater
404 1200 554 1286 familias,
578 1205 611 1265 et
634 1201 743 1266 omnia
764 1201 889 1283 reliqua
911 1204 1059 1285 tempora
1079 1205 1136 1265 aut

135 1287 255 1352 litteris
274 1293 331 1353 aut
344 1287 593 1354 Atheniensium
611 1289 658 1354 rei
674 1289 823 1373 publicae
844 1289 1011 1373 tribueret,
1032 1288 1135 1353 nihilo

100 1376 242 1442 eminus
275 1376 386 1441 amicis
418 1377 542 1442 urbana
574 1376 683 1442 officia
712 1376 888 1461 praestitit.
932 1398 1009 1442 nam
1036 1380 1069 1441 et
1096 1377 1137 1440 ad

135 1463 268 1530 comitia
295 1484 406 1528 eorum
433 1465 607 1530 ventitavit
634 1469 680 1549 et,
710 1465 740 1528 si
767 1485 909 1548 quares
936 1465 1041 1529 maior
1063 1468 1138 1529 acta

134 1556 194 1636 est,
215 1573 282 1617 non
304 1552 415 1616 defuit.
455 1553 540 1618 siout
562 1552 710 1619 Ciceroni
732 1553 768 1618 in
790 1552 940 1618 omnibus
964 1553 1032 1617 eius
1054 1553 1137 1636 peri·

135 1640 215 1706 culis
234 1640 434 1725 singularem
451 1641 548 1706 fidem
565 1640 730 1725 praebuit:
753 1641 805 1705 cui
819 1661 859 1705 ex
875 1640 982 1724 patria
997 1639 1137 1726 fugienti

135 1729 322 1793 sestertium
358 1729 497 1794 ducenta
527 1732 561 1793 et
598 1729 834 1814 quinquaginta
869 1728 960 1793 milia
996 1728 1137 1792 donarit.

99 1833 116 1882 5
134 1817 355 1900 tranquillatis
374 1820 484 1881 autem
501 1817 599 1881 rebus
613 1817 769 1882 Romanis
786 1816 976 1902 remigravit
988 1814 1137 1901 Romam,

133 1908 172 1969 ut
203 1905 318 1989 opinor
344 1903 381 1969 L.
409 1904 508 1971 Cotta
539 1904 575 1970 L.
602 1904 768 1989 Torquato
801 1905 1005 1970 consulibus:
1041 1926 1137 1988 quem

134 1992 352 2056 discedentem
375 1993 422 2057 sic
444 1993 595 2058 universa
617 1993 732 2057 civitas
755 1991 1004 2058 Atheniensium
1029 2014 1137 2075 prose·

135 2082 210 2145 cuta
224 2083 283 2163 est,
305 2083 343 2143 ut
360 2079 503 2145 lacrimis
522 2080 672 2144 desiderii
690 2080 793 2145 futuri
812 2080 956 2145 dolorem
970 2080 1137 2146 indicaret.

99 2168 120 2234 5
221 2165 375 2231 Habebat
402 2168 595 2234 arrmculum
624 2167 661 2242 Q.
685 2167 874 2251 Caecilium,
904 2169 1047 2252 equitem
1073 2166 1137 2232 Ro·

135 2276 279 2339 manum,
309 2254 504 2320 familiarem
534 2253 570 2319 L.
592 2254 734 2340 Luculli,
767 2256 913 2339 divitem,
945 2254 1137 2320 difficillima

134 2347 263 2408 natura:
296 2343 386 2409 cuius
410 2343 456 2408 sic
486 2343 695 2428 asperitatem
722 2343 844 2408 veritus
872 2347 936 2427 est,
962 2347 1013 2427 ut,
1041 2365 1137 2427 quem

133 2454 227 2497 nemo
250 2430 334 2496 ferre
356 2435 478 2517 posset,
500 2431 597 2497 huius
621 2431 689 2496 sine
713 2431 890 2497 offensione
913 2432 954 2497 ad
977 2453 1137 2496 summam

135 2523 334 2585 senectutem
356 2519 527 2584 retinuerit
556 2520 816 2585 benivolentiam.
862 2541 925 2603 quo
948 2518 1035 2584 facto
1059 2519 1137 2584 tulit

99 2608 266 2692 epietetie
289 2607 440 2672 fructum.
486 2606 644 2673 Caecilius
667 2608 753 2673 enim
776 2608 916 2672 moriens
939 2610 1136 2672 testamento

134 2695 302 2778 adoptarit
325 2716 398 2760 eum
420 2695 633 2779 heredemque
656 2696 734 2760 feeit
757 2717 796 2760 ex
819 2695 988 2760 dodrante:
1011 2717 1051 2759 ex
1074 2717 1138 2778 qua

99 2784 313 2850 ahereditate
346 2783 471 2867 accepit
498 2784 627 2849 circiter
655 2784 797 2848 centiens
825 2783 1020 2849 sestertium.
1066 2786 1137 2847 erat

133 2875 237 2955 nupta
259 2893 351 2937 soror
372 2870 479 2937 Attici
503 2871 540 2948 Q.
558 2870 665 2936 Tullio
685 2871 842 2956 Ciceroni,
865 2893 982 2955 easque
1004 2870 1136 2954 nuptias

133 2958 176 3024 M.
200 2958 313 3026 Cicero
342 2959 543 3044 conciliarat,
571 2981 645 3024 cum
672 2980 736 3043 quo
764 2982 784 3024 a
811 2958 1069 3042 condiscipulatu
1091 2959 1136 3022 vi·

133 3047 230 3113 vebat
258 3047 534 3131 coniunctissime,
561 3048 664 3112 multo
693 3047 792 3112 etiam
818 3047 1010 3112 familiarius
1039 3068 1136 3130 quarn

134 3158 207 3201 cum
225 3135 356 3219 Quinto,
377 3139 416 3200 ut
437 3135 573 3200 iudicari
595 3135 701 3219 possit
723 3136 797 3220 plus
815 3135 850 3199 in
868 3135 1012 3199 amicitia
1029 3135 1136 3199 valere

97 3241 116 3290 4
134 3225 379 3290 similitudinem
393 3244 521 3288 morum
535 3245 632 3307 quam
642 3222 845 3288 affinitatem.
863 3223 1017 3287 utebatur
1027 3227 1136 3287 autem

133 3312 247 3377 intime
271 3312 308 3389 Q.
330 3311 521 3396 Hortensio,
552 3311 607 3395 qui
629 3311 670 3375 iis
694 3311 894 3396 temporibus
917 3311 1136 3395 principatum

134 3400 336 3484 eloquentiae
359 3400 501 3483 tenebat,
523 3403 561 3463 ut
577 3399 725 3484 intellegi
742 3420 809 3463 non
825 3402 946 3484 posset,
968 3402 1042 3463 uter
1062 3419 1136 3463 eum

120 3488 205 3566 plus
227 3488 387 3572 diligeret,
411 3485 524 3553 Cicero
548 3507 590 3551 an
607 3486 816 3551 Hortensius:
840 3490 882 3571 et,
904 3486 938 3550 id
956 3487 1042 3570 quod
1066 3489 1136 3550 erat
