2460 3848
130 167 172 231 58
407 166 465 222 XV.
484 165 759 221 EPAMINONDAS.
786 173 812 222 4.
831 171 856 221 5.

129 313 237 395 inquit
264 311 357 395 ‘opus
384 312 521 395 pecunia
548 316 611 376 est:
640 333 716 376 nam
744 311 772 376 si
794 333 851 375 rex
877 310 1024 393 0011111,
1052 330 1136 392 quae

129 400 291 464 Thebanis
316 404 392 464 sunt
414 400 522 484 utilia,
550 400 667 485 gratiis
690 398 796 464 facere
820 421 892 463 sum
913 403 1061 482 paratus,
1084 399 1137 462 sin

129 495 238 553 autem
262 489 438 571 contraria,
464 510 530 552 non
556 487 657 552 habet
679 489 750 551 auri
773 491 871 570 atque
894 486 1022 572 argenti
1035 487 1135 550 ‘satis

129 599 268 660 namque
292 576 381 640 orbis
404 579 565 641 terrarum
588 576 717 640 divitias
741 577 885 659 accipere
907 576 984 639 nolo
1003 596 1062 657 pro
1081 596 1136 659 pa·

96 667 213 730 atriae
238 666 383 730 caritate.
425 668 464 728 tu
487 665 572 747 quod
599 686 650 728 me
676 664 879 749 incognitum
908 663 1044 727 tentasti
1074 663 1136 727 tui-

131 776 192 836 que
217 753 357 818 similem
384 752 593 836 existimasti,
618 774 685 816 non
711 753 813 816 miror
834 752 960 834 tibique
982 751 1137 837 ignosco,

131 843 187 906 sed
215 842 365 927 egredere
392 863 538 925 propere,
569 862 610 904 110
638 841 719 905 alios
750 861 951 923 corrumpas,
982 861 1057 904 cum
1083 861 1136 904 me

130 952 197 995 non
218 930 373 1013 potueris.
418 933 452 993 et
474 934 524 1012 tu,
551 927 709 1012 Micythe,
739 931 910 1014 argentum
932 928 1008 993 huic
1031 928 1136 1011 redde,
1204 941 1208 948 '

132 1022 197 1102 aut,
214 1018 279 1082 nisi
297 1018 330 1081 id
345 1017 516 1082 confestim
535 1015 625 1100 facis,
644 1038 704 1103 ego
718 1021 751 1080 te
765 1016 893 1081 tradam
907 1015 1135 1101 magistratui?

95 1108 217 1171 chuno
244 1105 426 1170 Diomedon
453 1127 526 1169 cum
554 1109 699 1190 rogaret,
725 1110 763 1169 ut
790 1109 863 1169 tuto
891 1105 978 1169 exire
1006 1127 1137 1188 suaque,

132 1216 214 1277 quae
241 1194 410 1277 attulerat,
441 1193 554 1257 liceret
582 1193 707 1278 efferre,
735 1193 835 1257 ‘istud
862 1192 1002 1277 quidem'
1029 1192 1136 1275 inquit

132 1282 271 1366 ‘faciam
292 1303 395 1364 neque
419 1285 476 1346 tua
499 1303 604 1365 eausa,
627 1281 682 1346 sed
705 1303 786 1365 mea,
807 1303 857 1366 ne,
880 1281 910 1346 si
932 1280 995 1345 tibi
1017 1281 1061 1345 sit
1083 1302 1137 1364 pe·

132 1370 226 1434 cunia
253 1370 417 1454 adempta,
447 1369 564 1452 aliquis
592 1369 679 1434 dieat
704 1369 748 1433 id.
761 1369 801 1433 ad
824 1391 875 1434 me
897 1374 1046 1453 ereptum
1067 1391 1137 1452 per·

97 1473 112 1520 0
132 1458 267 1543 venisse,
286 1458 372 1541 quod
391 1458 534 1523 delatum
553 1458 697 1542 accipere
715 1457 913 1523 noluissem?
943 1480 963 1521 a
981 1479 1045 1541 quo
1063 1479 1137 1522 cum

133 1547 325 1631 quaesisset,
354 1567 417 1630 qno
446 1568 480 1611 se
507 1547 621 1611 deduci
643 1547 754 1629 vellet,
784 1549 818 1609 et
844 1546 899 1610 ille
922 1545 1070 1610 Athenas
1093 1547 1138 1610 di·

131 1635 247 1718 xisset,
277 1635 475 1718 praesidium
502 1635 603 1719 dedit,
633 1639 672 1699 ut
698 1638 772 1699 tuto
799 1634 989 1717 perveniret.
1033 1655 1137 1717 neque

131 1745 208 1788 vero
231 1723 265 1787 id
283 1723 364 1788 satis
382 1722 508 1806 habuit,
530 1723 708 1807 sedetiam,
729 1727 768 1787 nt
785 1722 960 1787 inviolatus
974 1722 1009 1786 in
1021 1744 1137 1788 navem

133 1813 326 1894 escenderet,
348 1833 406 1894 per
429 1810 603 1876 Chabriam
626 1810 869 1895 Atheniensem,
891 1810 929 1874 de
952 1832 1016 1894 quo
1040 1833 1139 1895 supra

97 1914 114 1962 0
133 1900 331 1963 mentionem
349 1898 494 1982 1001111110,
513 1900 627 1964 effecit.
665 1899 880 1964 abstinentiae
895 1899 958 1963 erit
975 1898 1038 1963 hoc
1056 1901 1138 1964 satis

133 1988 366 2051 testimonium.
400 1987 541 2069 plurima
559 1987 689 2070 quidem
711 1986 855 2070 proferre
878 2009 1060 2073 possumus,
1082 1988 1139 2053 sed

133 2075 247 2138 modus
280 2073 478 2138 adhibendus
508 2078 572 2158 est,
604 2075 756 2158 quoniam
787 2097 852 2140 uno
883 2075 946 2141 hoc
975 2076 1138 2142 volumine

133 2163 236 2226 1110111
267 2162 493 2227 excellentium
524 2162 668 2227 virorum
700 2164 915 2247 complurium
948 2164 1137 2230 concludere

135 2251 377 2333 constituimus,
410 2271 547 2333 quorum
575 2272 624 2316 res
654 2253 831 2335 separatim
861 2253 974 2318 multis
1005 2252 1137 2317 milibus

133 2361 284 2403 versuum
308 2338 488 2421 complures
512 2339 686 2423 scriptores
710 2344 784 2404 ante
807 2362 867 2405 nos
890 2341 1100 2424 explicarint.

99 2424 120 2489 5
178 2477 181 2485 .
222 2426 300 2491 Fuit
327 2427 427 2491 etiam
454 2427 608 2512 disertus,
636 2431 674 2492 ut
699 2450 794 2492 nemo
823 2429 853 2493 ei
879 2428 1051 2494 Thebanus
1078 2452 1140 2514 par

135 2519 221 2580 esset
244 2515 445 2599 eloquentia,
466 2537 570 2599 neque
593 2516 699 2581 minus
724 2517 899 2582 concinnus
921 2518 956 2581 in
977 2519 1138 2584 brevitate

99 2617 116 2666 1
134 2604 347 2686 respondendi
361 2626 458 2687 quam
472 2605 507 2666 in
519 2608 677 2688 perpetua
690 2605 837 2670 0101101ιο
851 2610 993 2671 ornatus.
1022 2606 1140 2672 habuit

135 2692 388 2756 obtrectatorem
416 2690 617 2756 Menecliden
644 2694 816 2778 quendam,
845 2695 986 2758 indidem
1008 2692 1146 2781 Thebis,

135 2783 169 2842 et
183 2779 400 2843 adversarium
418 2780 453 2843 in
467 2781 721 2845 administranda
739 2804 773 2845 10
791 2783 930 2866 publica,
952 2783 1033 2847 satis
1052 2805 1140 2848 exer·

136 2867 272 2932 citatum
303 2868 338 2931 in
368 2867 515 2952 dicendo,
546 2872 584 2932 ut
610 2868 800 2934 Thebanum
827 2870 964 2936 seilicet:
999 2893 1139 2955 namque

100 2955 184 3018 01111
207 2955 298 3040 genti
320 2955 393 3038 plus
416 2957 503 3021 inest
525 2957 643 3020 virium
662 2979 759 3040 quarn
781 2959 913 3043 ingenii.
949 2959 977 3023 is
997 2960 1083 3043 quod
1105 2961 1140 3025 in

134 3066 169 3107 re
192 3043 465 3108 militarifiorere
488 3043 747 3129 Epaminondam
769 3046 913 3131 videbat,
941 3046 1068 3112 hortari
1091 3071 1140 3114 so·

134 3131 224 3196 lebat
246 3130 426 3217 Thebanos,
448 3137 487 3197 111
508 3154 622 3216 pacem
644 3134 731 3199 bello
755 3135 965 3220 anteferrent,
986 3158 1028 3201 ne
1050 3137 1140 3202 illius

135 3220 342 3303 imperatoris
365 3241 464 3304 opera
491 3221 734 3287 desideraretur.
778 3223 854 3288 huic
881 3223 937 3289 1110
960 3223 1071 3288 ‘fallis’
1094 3225 1141 3290 in·

136 3308 208 3389 quit
231 3307 341 3373 ‘verbo
365 3309 451 3373 cives
474 3313 559 3394 tuoe,
582 3310 667 3393 quod
690 3331 745 3376 eos
768 3333 788 3374 a
809 3311 897 3376 bello
920 3329 1050 3378 avocas:
1080 3314 1141 3378 otii

100 3396 222 3459 40111111
248 3396 378 3461 nomine
406 3397 596 3462 servitutem
624 3398 786 3463 concilias.
830 3420 906 3463 nam
928 3402 1056 3484 paritur
1077 3423 1141 3486 pax

134 3483 228 3546 bello.
274 3485 387 3568 itaque
411 3485 466 3568 qui
490 3506 528 3549 00
550 3485 675 3550 diutina
698 3488 812 3551 10111111
838 3487 916 3570 frui,
945 3489 1032 3555 bello
1054 3511 1142 3555 exer·
