2460 3848
132 210 173 272 10
407 208 440 264 11.
460 207 743 263 ruuursrocuas.
758 169 848 262 1-1.
1111 266 1113 270 ,
1155 230 1171 265 a

131 374 369 437 oppressurum.
410 351 473 416 hoc
496 373 533 416 eo
556 352 694 435 valebat,
717 355 755 415 11
777 351 928 437 ingratiis
953 352 993 416 ad
1016 351 1135 437 depug-

96 441 272 506 cnandum
300 460 410 506 omnes
435 444 633 525 cogerentur.
678 439 739 503 hac
766 461 800 504 re
828 440 939 504 audita
966 440 1135 523 barbarus,

130 529 213 593 nihil
240 529 306 594 doli
334 529 465 592 subesse
493 528 639 612 credens,
667 527 824 611 postridie
848 528 1046 593 alienissimo
1070 526 1135 592 sibi

131 619 217 702 loco,
250 620 363 682 contra
393 615 668 699 opportunissimo
700 614 850 680 hostibus
883 617 961 681 adeo
994 619 1133 702 angusto

132 705 214 770 mari
233 704 387 787 conflixit,
409 707 447 767 ut
466 703 534 768 eius
553 703 728 768 multitudo
747 704 878 768 navium
897 704 1051 788 explicari
1068 725 1134 768 non

131 793 282 876 potuerit.
327 793 433 857 rictus
462 812 538 877 ergo
567 795 618 855 est
645 792 748 877 magis
772 792 872 856 etiam
896 792 1030 857 oonsilio
1054 791 1135 856 The-

132 880 274 946 mistocli
298 902 395 964 quam
419 880 517 942 armis
542 877 704 944 Graeciae.

91 969 113 1034 5
218 968 282 1034 Hic
305 969 367 1033 etsi
390 967 474 1031 male
497 988 566 1031 rem
589 972 750 1053 gesserat,
773 973 882 1033 tamen
905 972 1014 1033 tantas
1037 967 1135 1032 habe·

131 1058 189 1122 bat
221 1057 373 1140 reliquias
402 1055 581 1140 copiarum,
612 1060 650 1120 ut
680 1057 851 1121 etiamtum
880 1056 921 1121 iis
952 1055 1134 1140 opprimere

106 1150 244 1231 posset
270 1144 396 1208 hostes:
423 1143 542 1207 iterum
569 1144 610 1208 ab
639 1145 752 1209 eodem
775 1146 877 1230 gradu
900 1145 1051 1228 depulsus
1075 1148 1134 1208 est.

131 1256 208 1299 nam
225 1231 469 1316 Themistocles,
492 1253 604 1296 verens
622 1254 663 1296 ne
681 1232 801 1297 bellare
818 1235 1047 1316 perseveraret,
1070 1253 1135 1296 cer·

132 1322 250 1385 1111111
269 1341 341 1384 eum
364 1318 442 1383 fecit
465 1319 497 1382 id
517 1320 579 1405 agi,
601 1325 639 1384 ut
656 1342 749 1405 pons,
772 1342 868 1404 quem
885 1322 940 1385 ille
958 1321 993 1384 in
1011 1318 1135 1383 Helles·

131 1413 232 1492 ponto
259 1406 394 1491 fecerat,
422 1407 652 1472 dissolveretur
682 1430 719 1473 ao
746 1408 852 1473 reditu
879 1409 914 1473 in
942 1408 1056 1473 Asiam
1084 1429 1134 1471 ex·

97 1513 113 1562 1
133 1497 323 1579 1111111111,
341 1495 437 1578 idque
456 1495 486 1559 ei
503 1496 674 1579 persuasit.
697 1497 808 1579 itaque
823 1517 886 1580 qua
901 1519 956 1561 sex
970 1497 1133 1561 mensibus

132 1586 195 1649 iter
220 1583 355 1667 fecerat,
384 1584 494 1647 eadem
522 1584 628 1648 minus
655 1583 768 1648 diebus
796 1585 933 1670 triginta
960 1585 994 1648 in
1021 1583 1135 1648 Asiam

132 1693 278 1737 reversus
303 1675 353 1735 est
377 1693 473 1755 seque
493 1694 512 1736 a
530 1671 748 1737 Themistocle
770 1694 836 1736 non
860 1676 1056 1756 superatum,
1080 1672 1135 1736 sed

98 1777 113 1826 a
133 1763 357 1826 conservatum
371 1760 534 1825 iudicavit.
562 1761 609 1826 sic
624 1762 719 1825 unius
734 1761 796 1825 riri
814 1760 985 1845 prudentia
1000 1758 1135 1824 Graecia

131 1850 270 1913 liberata
293 1853 343 1912 est
365 1847 579 1933 Europaeque
610 1849 779 1914 succubuit
801 1848 890 1914 Asia.
930 1848 1010 1912 haec
1033 1849 1136 1912 altera

132 1936 283 2020 victoria,
307 1957 387 2018 quae
412 1958 485 2000 cum
507 1935 713 2000 Marathonio
736 1937 842 2020 possit
866 1936 1046 2020 comparari
1071 1940 1135 2000 tro-

131 2046 222 2108 paeo.
262 2046 338 2088 nam
365 2024 437 2107 pari
464 2025 559 2088 modo
583 2025 667 2107 apud
692 2022 855 2088 Salamina
877 2045 977 2106 parvo
1000 2046 1134 2089 numero

131 2113 262 2177 navium
285 2111 426 2175 maxima
448 2115 525 2194 post
546 2110 715 2175 hominum
738 2111 928 2175 memoriam
952 2111 1066 2176 classis
1085 2116 1136 2176 est

135 2200 268 2265 devicta.

93 2290 113 2354 6
220 2288 358 2373 Magnus
381 2287 444 2352 hoc
466 2286 552 2351 bello
571 2286 806 2351 Themistocles
824 2286 890 2351 fuit
907 2307 1010 2370 neque
1029 2287 1132 2352 minor

132 2378 165 2441 in
197 2399 284 2461 pace.
329 2397 402 2441 cum
434 2375 520 2439 enim
549 2374 718 2440 Phalerico
749 2378 848 2458 portu
879 2396 983 2459 neque
1015 2397 1133 2461 magno

130 2486 234 2548 neque
257 2467 342 2529 bono
362 2463 576 2528 Athenienses
599 2466 776 2547 uterentur,
798 2462 894 2527 huius
918 2463 1053 2529 consilio
1078 2464 1134 2528 tri-

130 2553 206 2636 plex
233 2552 340 2617 Piraei
371 2555 485 2636 portus
517 2550 714 2616 constitutus
747 2555 798 2615 est
828 2550 933 2634 iisque
965 2552 1134 2616 moenibus

132 2641 362 2724 circumdatus,
388 2644 426 2704 ut
452 2640 557 2724 ipsam
584 2639 697 2704 urbem
720 2639 879 2726 dignitate
902 2640 1135 2725 aequiperaret,

96 2745 112 2793 2
131 2728 275 2793 utilitate
294 2732 469 2812 superaret.
492 2728 577 2792 idern
595 2749 705 2793 muros
723 2727 971 2794 Atheniensium
989 2729 1134 2793 restituit

131 2817 304 2901 praecipuo
335 2838 393 2881 suo
420 2816 572 2900 periculo.
621 2837 759 2900 namque
790 2815 1035 2882 Lacedaemonii
1064 2839 1135 2881 cau·

132 2925 202 2969 sam
213 2905 362 2970 idoneam
372 2905 461 2970 nacti
472 2908 606 2989 propter
617 2906 830 2970 barbarorum
844 2906 1057 2988 excursiones,
1071 2926 1135 2987 qua

131 2997 288 3079 negarent
314 2997 463 3076 oportere
490 2997 581 3056 extra
608 2991 867 3076 Peloponnesum
892 2994 993 3057 ullam
1019 2993 1134 3058 urbem

132 3103 241 3146 muros
259 3081 387 3165 habere,
405 3103 445 3144 ne
465 3085 573 3145 essent
590 3081 662 3145 loca
680 3082 813 3165 munita,
833 3101 913 3163 quae
931 3080 1042 3145 hostes
1061 3103 1134 3164 pos-

132 3170 281 3253 siderent,
296 3168 510 3234 Athenienses
525 3168 730 3233 aedificantes
744 3168 914 3252 prohibere
929 3172 1006 3232 sunt
1016 3170 1133 3234 conati.

96 3273 112 3322 s
131 3259 193 3322 hoc
216 3258 312 3343 longe
331 3257 395 3321 alio
415 3257 584 3340 spectabat
602 3260 699 3340 atque
718 3257 819 3321 rideri
837 3257 997 3321 volebant.
1033 3256 1134 3323 Athe·

131 3345 258 3410 nienses
287 3345 373 3409 enim
405 3345 528 3409 duabus
558 3345 717 3429 victoriis,
748 3343 954 3409 Marathonia
984 3350 1018 3410 et
1046 3344 1132 3410 Sala-

131 3434 240 3517 minia,
263 3437 389 3497 tantam
412 3433 551 3518 gloriam
575 3433 658 3516 apud
682 3453 792 3496 omnes
815 3437 928 3518 gentes
948 3438 1041 3498 erant
1061 3456 1132 3498 con-

118 3521 239 3599 secuti,
276 3525 314 3583 11
342 3521 575 3608 intellegerent
603 3520 849 3585 Lacedaemonii
879 3521 917 3585 de
948 3522 1134 3606 principatu
