<?xml version="1.0" encoding="UTF-8"?>
<!DOCTYPE html PUBLIC "-//W3C//DTD XHTML 1.0 Transitional//EN"
    "http://www.w3.org/TR/xhtml1/DTD/xhtml1-transitional.dtd">
<html xmlns="http://www.w3.org/1999/xhtml" xml:lang="en" lang="en">
 <head>
  <title>
</title>
<meta http-equiv="Content-Type" content="text/html;charset=utf-8" />
  <meta name='ocr-system' content='tesseract 3.04.00' />
  <meta name='ocr-capabilities' content='ocr_page ocr_carea ocr_par ocr_line ocrx_word'/>
</head>
<body>
  <div class='ocr_page' id='page_1' title='image "./corneliinepotis03halmgoog_0041.png"; bbox 0 0 2460 3848; ppageno 0'>
   <div class='ocr_carea' id='block_1_1' title="bbox 183 177 902 247">
    <p class='ocr_par' dir='ltr' id='par_1_1' title="bbox 183 177 902 247">
     <span class='ocr_line' id='line_1_1' title="bbox 183 177 902 247; baseline -0.001 0"><span class='ocrx_word' id='word_1_1' title='bbox 183 177 229 247; x_wconf 76' lang='lat'>28</span> <span class='ocrx_word' id='word_1_2' title='bbox 499 190 560 246; x_wconf 87' lang='grc' dir='ltr'>ιιι</span> <span class='ocrx_word' id='word_1_3' title='bbox 580 190 806 246; x_wconf 77' lang='lat' dir='ltr'>marcianas.</span> <span class='ocrx_word' id='word_1_4' title='bbox 834 197 858 246; x_wconf 84' lang='grc' dir='ltr'>ι.</span> <span class='ocrx_word' id='word_1_5' title='bbox 877 197 902 246; x_wconf 86' lang='lat' dir='ltr'>e</span> 
     </span>
    </p>
   </div>
   <div class='ocr_carea' id='block_1_2' title="bbox 156 324 1208 3593">
    <p class='ocr_par' dir='ltr' id='par_1_2' title="bbox 156 324 1200 1124">
     <span class='ocr_line' id='line_1_2' title="bbox 184 324 1198 420; baseline 0.003 -25"><span class='ocrx_word' id='word_1_6' title='bbox 184 324 322 411; x_wconf 66' lang='lat' dir='ltr'>publiea</span> <span class='ocrx_word' id='word_1_7' title='bbox 345 332 436 399; x_wconf 86' lang='lat' dir='ltr'>domi</span> <span class='ocrx_word' id='word_1_8' title='bbox 457 335 598 418; x_wconf 82' lang='lat' dir='ltr'>bellique</span> <span class='ocrx_word' id='word_1_9' title='bbox 621 335 751 418; x_wconf 85' lang='lat' dir='ltr'>tradita,</span> <span class='ocrx_word' id='word_1_10' title='bbox 773 339 811 399; x_wconf 92' lang='lat' dir='ltr'>ut</span> <span class='ocrx_word' id='word_1_11' title='bbox 833 334 928 400; x_wconf 88' lang='lat' dir='ltr'>unius</span> <span class='ocrx_word' id='word_1_12' title='bbox 952 334 1087 399; x_wconf 89' lang='lat' dir='ltr'>arbitrio</span> <span class='ocrx_word' id='word_1_13' title='bbox 1110 355 1198 420; x_wconf 87' lang='lat' dir='ltr'>gere-</span> 
     </span>
     <span class='ocr_line' id='line_1_3' title="bbox 186 418 1198 508; baseline 0.004 -25"><span class='ocrx_word' id='word_1_14' title='bbox 186 418 295 498; x_wconf 64' lang='lat' dir='ltr'>aem,</span> <span class='ocrx_word' id='word_1_15' title='bbox 316 421 385 485; x_wconf 83' lang='lat' dir='ltr'>et</span> <span class='ocrx_word' id='word_1_16' title='bbox 373 443 446 507; x_wconf 80' lang='lat' dir='ltr'>ipse</span> <span class='ocrx_word' id='word_1_17' title='bbox 467 423 667 507; x_wconf 70' lang='lat' dir='ltr'><strong>postulasset</strong></span> <span class='ocrx_word' id='word_1_18' title='bbox 688 426 727 486; x_wconf 89' lang='lat' dir='ltr'>ut</span> <span class='ocrx_word' id='word_1_19' title='bbox 748 422 811 487; x_wconf 91' lang='lat' dir='ltr'>duo</span> <span class='ocrx_word' id='word_1_20' title='bbox 835 423 899 487; x_wconf 90' lang='lat' dir='ltr'>sibi</span> <span class='ocrx_word' id='word_1_21' title='bbox 921 424 1065 508; x_wconf 74' lang='lat' dir='ltr'>collegae</span> <span class='ocrx_word' id='word_1_22' title='bbox 1087 422 1198 487; x_wconf 90' lang='lat' dir='ltr'>daren-</span> 
     </span>
     <span class='ocr_line' id='line_1_4' title="bbox 188 505 1197 596; baseline 0.005 -26"><span class='ocrx_word' id='word_1_23' title='bbox 188 505 260 587; x_wconf 76' lang='lat' dir='ltr'>tur,</span> <span class='ocrx_word' id='word_1_24' title='bbox 289 506 516 594; x_wconf 77' lang='lat' dir='ltr'>Thrasybulus</span> <span class='ocrx_word' id='word_1_25' title='bbox 548 513 582 574; x_wconf 90' lang='lat' dir='ltr'>et</span> <span class='ocrx_word' id='word_1_26' title='bbox 608 509 817 595; x_wconf 85' lang='lat' dir='ltr'>Adimantus,</span> <span class='ocrx_word' id='word_1_27' title='bbox 847 532 952 594; x_wconf 90' lang='lat' dir='ltr'>neque</span> <span class='ocrx_word' id='word_1_28' title='bbox 983 510 1017 574; x_wconf 92' lang='lat' dir='ltr'>id</span> <span class='ocrx_word' id='word_1_29' title='bbox 1042 515 1197 596; x_wconf 88' lang='lat' dir='ltr'>negatum</span> 
     </span>
     <span class='ocr_line' id='line_1_5' title="bbox 190 597 1197 684; baseline 0.004 -25"><span class='ocrx_word' id='word_1_30' title='bbox 190 598 293 678; x_wconf 82' lang='lat' dir='ltr'>esset,</span> <span class='ocrx_word' id='word_1_31' title='bbox 319 597 461 663; x_wconf 80' lang='lat' dir='ltr'>classe</span> <span class='ocrx_word' id='word_1_32' title='bbox 452 621 487 663; x_wconf 86' lang='grc' dir='ltr'>ιιι</span> <span class='ocrx_word' id='word_1_33' title='bbox 508 597 622 662; x_wconf 86' lang='lat' dir='ltr'>Asiam</span> <span class='ocrx_word' id='word_1_34' title='bbox 648 597 828 684; x_wconf 85' lang='lat' dir='ltr'>profectur,</span> <span class='ocrx_word' id='word_1_35' title='bbox 855 598 941 683; x_wconf 91' lang='lat' dir='ltr'>quod</span> <span class='ocrx_word' id='word_1_36' title='bbox 968 599 1052 682; x_wconf 89' lang='lat' dir='ltr'>apud</span> <span class='ocrx_word' id='word_1_37' title='bbox 1075 597 1197 683; x_wconf 80' lang='lat' dir='ltr'>Cymen</span> 
     </span>
     <span class='ocr_line' id='line_1_6' title="bbox 191 682 1199 771; baseline 0.001 -22"><span class='ocrx_word' id='word_1_38' title='bbox 191 682 300 749; x_wconf 85' lang='lat' dir='ltr'>minus</span> <span class='ocrx_word' id='word_1_39' title='bbox 323 706 364 750; x_wconf 87' lang='lat' dir='ltr'>ex</span> <span class='ocrx_word' id='word_1_40' title='bbox 386 686 547 751; x_wconf 88' lang='lat' dir='ltr'>sententia</span> <span class='ocrx_word' id='word_1_41' title='bbox 569 708 638 751; x_wconf 90' lang='lat' dir='ltr'>rem</span> <span class='ocrx_word' id='word_1_42' title='bbox 660 687 847 771; x_wconf 88' lang='lat' dir='ltr'>gesserat,</span> <span class='ocrx_word' id='word_1_43' title='bbox 836 709 872 752; x_wconf 91' lang='lat' dir='ltr'>m</span> <span class='ocrx_word' id='word_1_44' title='bbox 893 686 1048 752; x_wconf 83' lang='lat' dir='ltr'>invidiam</span> <span class='ocrx_word' id='word_1_45' title='bbox 1070 687 1199 752; x_wconf 83' lang='lat' dir='ltr'>recidit:</span> 
     </span>
     <span class='ocr_line' id='line_1_7' title="bbox 156 770 1198 858; baseline 0.003 -21"><span class='ocrx_word' id='word_1_46' title='bbox 156 770 275 837; x_wconf 77' lang='lat' dir='ltr'>rnihil</span> <span class='ocrx_word' id='word_1_47' title='bbox 297 773 385 838; x_wconf 87' lang='lat' dir='ltr'>enim</span> <span class='ocrx_word' id='word_1_48' title='bbox 408 795 482 838; x_wconf 90' lang='lat' dir='ltr'>eum</span> <span class='ocrx_word' id='word_1_49' title='bbox 503 795 570 839; x_wconf 93' lang='lat' dir='ltr'>non</span> <span class='ocrx_word' id='word_1_50' title='bbox 592 773 719 839; x_wconf 85' lang='lat' dir='ltr'>efficere</span> <span class='ocrx_word' id='word_1_51' title='bbox 741 796 836 858; x_wconf 90' lang='lat' dir='ltr'>posse</span> <span class='ocrx_word' id='word_1_52' title='bbox 860 775 1030 840; x_wconf 86' lang='lat' dir='ltr'>ducebant.</span> <span class='ocrx_word' id='word_1_53' title='bbox 1072 797 1111 840; x_wconf 91' lang='lat' dir='ltr'>ex</span> <span class='ocrx_word' id='word_1_54' title='bbox 1134 797 1198 858; x_wconf 92' lang='lat' dir='ltr'>quo</span> 
     </span>
     <span class='ocr_line' id='line_1_8' title="bbox 192 859 1200 949; baseline 0.001 -24"><span class='ocrx_word' id='word_1_55' title='bbox 192 859 295 925; x_wconf 81' lang='lat' dir='ltr'>fiebat</span> <span class='ocrx_word' id='word_1_56' title='bbox 320 866 360 926; x_wconf 89' lang='lat' dir='ltr'>ut</span> <span class='ocrx_word' id='word_1_57' title='bbox 386 862 496 927; x_wconf 89' lang='lat' dir='ltr'>omnia</span> <span class='ocrx_word' id='word_1_58' title='bbox 522 862 630 926; x_wconf 91' lang='lat' dir='ltr'>minus</span> <span class='ocrx_word' id='word_1_59' title='bbox 652 884 805 947; x_wconf 78' lang='lat' dir='ltr'>prospere</span> <span class='ocrx_word' id='word_1_60' title='bbox 828 866 922 949; x_wconf 87' lang='lat' dir='ltr'>gesta</span> <span class='ocrx_word' id='word_1_61' title='bbox 944 864 1057 947; x_wconf 87' lang='lat' dir='ltr'>culpae</span> <span class='ocrx_word' id='word_1_62' title='bbox 1080 863 1200 927; x_wconf 77' lang='lat' dir='ltr'>tribue</span> 
     </span>
     <span class='ocr_line' id='line_1_9' title="bbox 193 950 1198 1036; baseline 0.001 -21"><span class='ocrx_word' id='word_1_63' title='bbox 193 951 282 1034; x_wconf 85' lang='lat' dir='ltr'>rent,</span> <span class='ocrx_word' id='word_1_64' title='bbox 311 972 385 1016; x_wconf 90' lang='lat' dir='ltr'>cum</span> <span class='ocrx_word' id='word_1_65' title='bbox 411 953 468 1014; x_wconf 87' lang='lat' dir='ltr'>ant</span> <span class='ocrx_word' id='word_1_66' title='bbox 491 971 565 1015; x_wconf 91' lang='lat' dir='ltr'>eum</span> <span class='ocrx_word' id='word_1_67' title='bbox 586 951 797 1036; x_wconf 77' lang='lat' dir='ltr'>neglegenter</span> <span class='ocrx_word' id='word_1_68' title='bbox 819 955 876 1016; x_wconf 90' lang='lat' dir='ltr'>aut</span> <span class='ocrx_word' id='word_1_69' title='bbox 898 951 1061 1016; x_wconf 77' lang='lat' dir='ltr'>malitiose</span> <span class='ocrx_word' id='word_1_70' title='bbox 1083 950 1198 1017; x_wconf 85' lang='lat' dir='ltr'>fecisse</span> 
     </span>
     <span class='ocr_line' id='line_1_10' title="bbox 194 1037 1198 1124; baseline 0.001 -21"><span class='ocrx_word' id='word_1_71' title='bbox 194 1037 414 1123; x_wconf 78' lang='lat' dir='ltr'>loquerentur,</span> <span class='ocrx_word' id='word_1_72' title='bbox 436 1037 522 1103; x_wconf 90' lang='lat' dir='ltr'>sicut</span> <span class='ocrx_word' id='word_1_73' title='bbox 541 1042 613 1104; x_wconf 87' lang='lat' dir='ltr'>turn</span> <span class='ocrx_word' id='word_1_74' title='bbox 631 1039 762 1104; x_wconf 81' lang='lat' dir='ltr'>cecidit:</span> <span class='ocrx_word' id='word_1_75' title='bbox 784 1062 860 1104; x_wconf 90' lang='lat' dir='ltr'>nam</span> <span class='ocrx_word' id='word_1_76' title='bbox 879 1044 1068 1124; x_wconf 88' lang='lat' dir='ltr'>corruptum</span> <span class='ocrx_word' id='word_1_77' title='bbox 1085 1061 1106 1102; x_wconf 89' lang='lat' dir='ltr'>a</span> <span class='ocrx_word' id='word_1_78' title='bbox 1122 1060 1198 1124; x_wconf 90' lang='lat' dir='ltr'>rege</span> 
     </span>
    </p>

    <p class='ocr_par' dir='ltr' id='par_1_3' title="bbox 160 1125 1200 1655">
     <span class='ocr_line' id='line_1_11' title="bbox 160 1125 1199 1213; baseline -0.003 -19"><span class='ocrx_word' id='word_1_79' title='bbox 160 1142 178 1193; x_wconf 73' lang='grc' dir='ltr'>ι</span> <span class='ocrx_word' id='word_1_80' title='bbox 196 1148 310 1212; x_wconf 85' lang='lat' dir='ltr'>capere</span> <span class='ocrx_word' id='word_1_81' title='bbox 324 1125 447 1211; x_wconf 77' lang='lat' dir='ltr'>Cymen</span> <span class='ocrx_word' id='word_1_82' title='bbox 459 1126 603 1192; x_wconf 88' lang='lat' dir='ltr'>noluisse</span> <span class='ocrx_word' id='word_1_83' title='bbox 617 1128 804 1213; x_wconf 85' lang='lat' dir='ltr'>arguebant.</span> <span class='ocrx_word' id='word_1_84' title='bbox 843 1128 870 1192; x_wconf 90' lang='lat' dir='ltr'>it</span> <span class='ocrx_word' id='word_1_85' title='bbox 843 1131 952 1211; x_wconf 79' lang='lat' dir='ltr'>itaque</span> <span class='ocrx_word' id='word_1_86' title='bbox 970 1127 1046 1193; x_wconf 87' lang='lat' dir='ltr'>huic</span> <span class='ocrx_word' id='word_1_87' title='bbox 1060 1128 1199 1192; x_wconf 91' lang='lat' dir='ltr'>maxime</span> 
     </span>
     <span class='ocr_line' id='line_1_12' title="bbox 196 1214 1199 1317; baseline -0.002 -36"><span class='ocrx_word' id='word_1_88' title='bbox 196 1220 349 1301; x_wconf 87' lang='lat' dir='ltr'>putamus</span> <span class='ocrx_word' id='word_1_89' title='bbox 372 1215 458 1280; x_wconf 86' lang='lat' dir='ltr'>malo</span> <span class='ocrx_word' id='word_1_90' title='bbox 481 1214 583 1280; x_wconf 82' lang='lat' dir='ltr'>fuisse</span> <span class='ocrx_word' id='word_1_91' title='bbox 605 1216 740 1280; x_wconf 88' lang='lat' dir='ltr'>nimiam</span> <span class='ocrx_word' id='word_1_92' title='bbox 758 1216 942 1317; x_wconf 87' lang='lat' dir='ltr'>epimonem</span> <span class='ocrx_word' id='word_1_93' title='bbox 960 1216 1083 1302; x_wconf 86' lang='lat' dir='ltr'>ingenii</span> <span class='ocrx_word' id='word_1_94' title='bbox 1101 1219 1199 1298; x_wconf 89' lang='lat' dir='ltr'>atque</span> 
     </span>
     <span class='ocr_line' id='line_1_13' title="bbox 196 1303 1200 1389; baseline -0.001 -21"><span class='ocrx_word' id='word_1_95' title='bbox 196 1303 342 1369; x_wconf 80' lang='lat' dir='ltr'>virtutis:</span> <span class='ocrx_word' id='word_1_96' title='bbox 365 1303 543 1369; x_wconf 82' lang='lat' dir='ltr'>timebatur</span> <span class='ocrx_word' id='word_1_97' title='bbox 565 1304 651 1370; x_wconf 91' lang='lat' dir='ltr'>enim</span> <span class='ocrx_word' id='word_1_98' title='bbox 669 1326 735 1369; x_wconf 89' lang='lat' dir='ltr'>non</span> <span class='ocrx_word' id='word_1_99' title='bbox 752 1304 859 1369; x_wconf 91' lang='lat' dir='ltr'>minus</span> <span class='ocrx_word' id='word_1_100' title='bbox 878 1326 975 1388; x_wconf 89' lang='lat' dir='ltr'>quam</span> <span class='ocrx_word' id='word_1_101' title='bbox 993 1304 1200 1389; x_wconf 77' lang='lat' dir='ltr'>diligebatur,</span> 
     </span>
     <span class='ocr_line' id='line_1_14' title="bbox 195 1390 1200 1478; baseline 0.001 -22"><span class='ocrx_word' id='word_1_102' title='bbox 195 1413 237 1456; x_wconf 89' lang='lat' dir='ltr'>ne</span> <span class='ocrx_word' id='word_1_103' title='bbox 260 1392 400 1457; x_wconf 86' lang='lat' dir='ltr'>secunda</span> <span class='ocrx_word' id='word_1_104' title='bbox 422 1390 555 1457; x_wconf 84' lang='lat' dir='ltr'>fortuna</span> <span class='ocrx_word' id='word_1_105' title='bbox 578 1393 768 1478; x_wconf 82' lang='lat' dir='ltr'>magnisque</span> <span class='ocrx_word' id='word_1_106' title='bbox 791 1393 908 1477; x_wconf 89' lang='lat' dir='ltr'>opibus</span> <span class='ocrx_word' id='word_1_107' title='bbox 930 1394 1035 1458; x_wconf 89' lang='lat' dir='ltr'>elatus</span> <span class='ocrx_word' id='word_1_108' title='bbox 1058 1393 1200 1477; x_wconf 82' lang='lat' dir='ltr'>tyranni·</span> 
     </span>
     <span class='ocr_line' id='line_1_15' title="bbox 197 1479 1201 1582; baseline -0.001 -37"><span class='ocrx_word' id='word_1_109' title='bbox 197 1479 270 1545; x_wconf 89' lang='lat' dir='ltr'>dem</span> <span class='ocrx_word' id='word_1_110' title='bbox 298 1480 547 1582; x_wconf 81' lang='lat' dir='ltr'>concupisceret.</span> <span class='ocrx_word' id='word_1_111' title='bbox 593 1481 710 1565; x_wconf 90' lang='lat' dir='ltr'>quibus</span> <span class='ocrx_word' id='word_1_112' title='bbox 738 1481 834 1546; x_wconf 87' lang='lat' dir='ltr'>rebus</span> <span class='ocrx_word' id='word_1_113' title='bbox 863 1480 987 1546; x_wconf 82' lang='lat' dir='ltr'>factum</span> <span class='ocrx_word' id='word_1_114' title='bbox 1013 1485 1064 1545; x_wconf 91' lang='lat' dir='ltr'>est</span> <span class='ocrx_word' id='word_1_115' title='bbox 1086 1485 1124 1545; x_wconf 90' lang='lat' dir='ltr'>ut</span> <span class='ocrx_word' id='word_1_116' title='bbox 1146 1481 1201 1545; x_wconf 89' lang='lat' dir='ltr'>ab·</span> 
     </span>
     <span class='ocr_line' id='line_1_16' title="bbox 197 1567 1200 1655; baseline -0.001 -22"><span class='ocrx_word' id='word_1_117' title='bbox 197 1567 283 1633; x_wconf 89' lang='lat' dir='ltr'>senti</span> <span class='ocrx_word' id='word_1_118' title='bbox 306 1569 537 1654; x_wconf 89' lang='lat' dir='ltr'>magistratum</span> <span class='ocrx_word' id='word_1_119' title='bbox 559 1570 756 1655; x_wconf 86' lang='lat' dir='ltr'>abrogarent</span> <span class='ocrx_word' id='word_1_120' title='bbox 778 1573 812 1634; x_wconf 90' lang='lat' dir='ltr'>et</span> <span class='ocrx_word' id='word_1_121' title='bbox 833 1569 961 1633; x_wconf 90' lang='lat' dir='ltr'>alium</span> <span class='ocrx_word' id='word_1_122' title='bbox 951 1569 1073 1634; x_wconf 81' lang='lat' dir='ltr'>ineius</span> <span class='ocrx_word' id='word_1_123' title='bbox 1092 1569 1200 1633; x_wconf 89' lang='lat' dir='ltr'>locum</span> 
     </span>
    </p>

    <p class='ocr_par' dir='ltr' id='par_1_4' title="bbox 162 1654 1202 2093">
     <span class='ocr_line' id='line_1_17' title="bbox 162 1654 1201 1742; baseline 0 -22"><span class='ocrx_word' id='word_1_124' title='bbox 162 1654 443 1722; x_wconf 71' lang='lat' dir='ltr'>esubstitnerent.</span> <span class='ocrx_word' id='word_1_125' title='bbox 472 1658 506 1722; x_wconf 93' lang='lat' dir='ltr'>id</span> <span class='ocrx_word' id='word_1_126' title='bbox 523 1657 635 1722; x_wconf 89' lang='lat' dir='ltr'>illet</span> <span class='ocrx_word' id='word_1_127' title='bbox 597 1661 635 1722; x_wconf 92' lang='lat' dir='ltr'>ut</span> <span class='ocrx_word' id='word_1_128' title='bbox 655 1658 786 1742; x_wconf 80' lang='lat' dir='ltr'>audivit,</span> <span class='ocrx_word' id='word_1_129' title='bbox 808 1657 940 1722; x_wconf 90' lang='lat' dir='ltr'>domurn</span> <span class='ocrx_word' id='word_1_130' title='bbox 958 1656 1077 1721; x_wconf 82' lang='lat' dir='ltr'>reverti</span> <span class='ocrx_word' id='word_1_131' title='bbox 1094 1657 1201 1720; x_wconf 87' lang='lat' dir='ltr'>noluit</span> 
     </span>
     <span class='ocr_line' id='line_1_18' title="bbox 198 1743 1202 1830; baseline 0 -22"><span class='ocrx_word' id='word_1_132' title='bbox 198 1747 284 1809; x_wconf 91' lang='lat' dir='ltr'>etse</span> <span class='ocrx_word' id='word_1_133' title='bbox 302 1743 447 1830; x_wconf 79' lang='lat' dir='ltr'>Pactyen</span> <span class='ocrx_word' id='word_1_134' title='bbox 465 1746 605 1812; x_wconf 87' lang='lat' dir='ltr'>contulit</span> <span class='ocrx_word' id='word_1_135' title='bbox 627 1745 736 1830; x_wconf 90' lang='lat' dir='ltr'>ibique</span> <span class='ocrx_word' id='word_1_136' title='bbox 759 1743 831 1813; x_wconf 90' lang='lat' dir='ltr'>tria</span> <span class='ocrx_word' id='word_1_137' title='bbox 847 1745 981 1810; x_wconf 89' lang='lat' dir='ltr'>castella</span> <span class='ocrx_word' id='word_1_138' title='bbox 1000 1744 1202 1828; x_wconf 83' lang='lat' dir='ltr'>communiit,</span> 
     </span>
     <span class='ocr_line' id='line_1_19' title="bbox 199 1829 1202 1919; baseline 0 -23"><span class='ocrx_word' id='word_1_139' title='bbox 199 1829 319 1917; x_wconf 87' lang='lat' dir='ltr'>Ornos,</span> <span class='ocrx_word' id='word_1_140' title='bbox 340 1833 458 1900; x_wconf 86' lang='lat' dir='ltr'>Bizant</span> <span class='ocrx_word' id='word_1_141' title='bbox 443 1835 534 1919; x_wconf 90' lang='lat' dir='ltr'>then,</span> <span class='ocrx_word' id='word_1_142' title='bbox 556 1832 758 1900; x_wconf 88' lang='lat' dir='ltr'>Neontichos</span> <span class='ocrx_word' id='word_1_143' title='bbox 765 1855 957 1918; x_wconf 88' lang='lat' dir='ltr'>,manuque</span> <span class='ocrx_word' id='word_1_144' title='bbox 980 1833 1116 1898; x_wconf 90' lang='lat' dir='ltr'>collecta</span> <span class='ocrx_word' id='word_1_145' title='bbox 1138 1833 1202 1916; x_wconf 90' lang='lat' dir='ltr'>pri·</span> 
     </span>
     <span class='ocr_line' id='line_1_20' title="bbox 198 1885 1203 2007; baseline -0.001 -22"><span class='ocrx_word' id='word_1_146' title='bbox 198 1941 271 1986; x_wconf 89' lang='lat' dir='ltr'>mus</span> <span class='ocrx_word' id='word_1_147' title='bbox 300 1919 442 1988; x_wconf 81' lang='lat' dir='ltr'>Graecae</span> <span class='ocrx_word' id='word_1_148' title='bbox 469 1922 648 1987; x_wconf 85' lang='lat' dir='ltr'>civitatis</span> <span class='ocrx_word' id='word_1_149' title='bbox 639 1943 673 1985; x_wconf 89' lang='lat' dir='ltr'>m</span> <span class='ocrx_word' id='word_1_150' title='bbox 699 1885 889 1987; x_wconf 78' lang='lat' dir='ltr'>Thraeciam</span> <span class='ocrx_word' id='word_1_151' title='bbox 916 1922 1057 2004; x_wconf 90' lang='lat' dir='ltr'>introiit,</span> <span class='ocrx_word' id='word_1_152' title='bbox 1084 1921 1203 2007; x_wconf 86' lang='lat' dir='ltr'>glorio-</span> 
     </span>
     <span class='ocr_line' id='line_1_21' title="bbox 199 2008 1202 2093; baseline 0.002 -21"><span class='ocrx_word' id='word_1_153' title='bbox 199 2008 267 2073; x_wconf 90' lang='lat' dir='ltr'>sius</span> <span class='ocrx_word' id='word_1_154' title='bbox 294 2011 482 2075; x_wconf 89' lang='lat' dir='ltr'>existimans</span> <span class='ocrx_word' id='word_1_155' title='bbox 509 2009 722 2074; x_wconf 88' lang='lat' dir='ltr'>barbarorum</span> <span class='ocrx_word' id='word_1_156' title='bbox 750 2010 869 2092; x_wconf 91' lang='lat' dir='ltr'>praeda</span> <span class='ocrx_word' id='word_1_157' title='bbox 890 2009 1081 2093; x_wconf 88' lang='lat' dir='ltr'>locupletari</span> <span class='ocrx_word' id='word_1_158' title='bbox 1105 2031 1202 2093; x_wconf 90' lang='lat' dir='ltr'>quam</span> 
     </span>
    </p>

    <p class='ocr_par' dir='ltr' id='par_1_5' title="bbox 163 2094 1203 2358">
     <span class='ocr_line' id='line_1_22' title="bbox 163 2094 1203 2182; baseline 0.001 -21"><span class='ocrx_word' id='word_1_159' title='bbox 163 2110 181 2161; x_wconf 73' lang='grc' dir='ltr'>ι</span> <span class='ocrx_word' id='word_1_160' title='bbox 200 2094 382 2163; x_wconf 81' lang='lat' dir='ltr'>Graiorum.</span> <span class='ocrx_word' id='word_1_161' title='bbox 419 2120 483 2182; x_wconf 92' lang='lat' dir='ltr'>qua</span> <span class='ocrx_word' id='word_1_162' title='bbox 501 2118 540 2161; x_wconf 92' lang='lat' dir='ltr'>ex</span> <span class='ocrx_word' id='word_1_163' title='bbox 558 2117 592 2161; x_wconf 92' lang='lat' dir='ltr'>re</span> <span class='ocrx_word' id='word_1_164' title='bbox 611 2101 851 2162; x_wconf 85' lang='lat' dir='ltr'>creveratcum</span> <span class='ocrx_word' id='word_1_165' title='bbox 873 2095 961 2161; x_wconf 87' lang='lat' dir='ltr'>fama</span> <span class='ocrx_word' id='word_1_166' title='bbox 983 2102 1054 2161; x_wconf 88' lang='lat' dir='ltr'>tum</span> <span class='ocrx_word' id='word_1_167' title='bbox 1077 2098 1203 2182; x_wconf 90' lang='lat' dir='ltr'>opibus,</span> 
     </span>
     <span class='ocr_line' id='line_1_23' title="bbox 199 2184 1202 2272; baseline 0.002 -22"><span class='ocrx_word' id='word_1_168' title='bbox 199 2207 416 2272; x_wconf 88' lang='lat' dir='ltr'>magnamque</span> <span class='ocrx_word' id='word_1_169' title='bbox 443 2184 621 2250; x_wconf 88' lang='lat' dir='ltr'>amicitiam</span> <span class='ocrx_word' id='word_1_170' title='bbox 648 2185 711 2248; x_wconf 90' lang='lat' dir='ltr'>sibi</span> <span class='ocrx_word' id='word_1_171' title='bbox 741 2205 814 2249; x_wconf 87' lang='lat' dir='ltr'>eum</span> <span class='ocrx_word' id='word_1_172' title='bbox 846 2184 1039 2267; x_wconf 87' lang='lat' dir='ltr'>quibusdam</span> <span class='ocrx_word' id='word_1_173' title='bbox 1070 2185 1202 2270; x_wconf 86' lang='lat' dir='ltr'>regibus</span> 
     </span>
     <span class='ocr_line' id='line_1_24' title="bbox 199 2272 574 2358; baseline 0 -20"><span class='ocrx_word' id='word_1_174' title='bbox 199 2272 374 2340; x_wconf 82' lang='lat' dir='ltr'>Thraeciae</span> <span class='ocrx_word' id='word_1_175' title='bbox 396 2276 574 2358; x_wconf 87' lang='lat' dir='ltr'>pepererat.</span> 
     </span>
    </p>

    <p class='ocr_par' dir='ltr' id='par_1_6' title="bbox 165 2360 1205 2974">
     <span class='ocr_line' id='line_1_25' title="bbox 165 2360 1203 2447; baseline 0 -21"><span class='ocrx_word' id='word_1_176' title='bbox 165 2361 186 2426; x_wconf 89' lang='lat'>8</span> <span class='ocrx_word' id='word_1_177' title='bbox 288 2362 402 2447; x_wconf 90' lang='lat' dir='ltr'>Neque</span> <span class='ocrx_word' id='word_1_178' title='bbox 430 2366 540 2426; x_wconf 90' lang='lat' dir='ltr'>tamen</span> <span class='ocrx_word' id='word_1_179' title='bbox 563 2383 582 2425; x_wconf 92' lang='lat' dir='ltr'>a</span> <span class='ocrx_word' id='word_1_180' title='bbox 605 2360 739 2426; x_wconf 89' lang='lat' dir='ltr'>caritate</span> <span class='ocrx_word' id='word_1_181' title='bbox 765 2361 891 2443; x_wconf 85' lang='lat' dir='ltr'>patriae</span> <span class='ocrx_word' id='word_1_182' title='bbox 917 2363 976 2445; x_wconf 90' lang='lat' dir='ltr'>pot</span> <span class='ocrx_word' id='word_1_183' title='bbox 961 2360 1026 2424; x_wconf 89' lang='lat' dir='ltr'>tuit</span> <span class='ocrx_word' id='word_1_184' title='bbox 1048 2361 1203 2427; x_wconf 87' lang='lat' dir='ltr'>recedere.</span> 
     </span>
     <span class='ocr_line' id='line_1_26' title="bbox 199 2448 1204 2535; baseline -0.001 -20"><span class='ocrx_word' id='word_1_185' title='bbox 199 2471 277 2516; x_wconf 89' lang='lat' dir='ltr'>nam</span> <span class='ocrx_word' id='word_1_186' title='bbox 295 2473 369 2517; x_wconf 90' lang='lat' dir='ltr'>cum</span> <span class='ocrx_word' id='word_1_187' title='bbox 388 2451 472 2535; x_wconf 88' lang='lat' dir='ltr'>apud</span> <span class='ocrx_word' id='word_1_188' title='bbox 489 2449 599 2534; x_wconf 85' lang='lat' dir='ltr'>Aegos</span> <span class='ocrx_word' id='word_1_189' title='bbox 622 2449 742 2513; x_wconf 89' lang='lat' dir='ltr'>flumen</span> <span class='ocrx_word' id='word_1_190' title='bbox 760 2448 932 2532; x_wconf 88' lang='lat' dir='ltr'>Philocles,</span> <span class='ocrx_word' id='word_1_191' title='bbox 954 2453 1047 2532; x_wconf 88' lang='lat' dir='ltr'>praet</span> <span class='ocrx_word' id='word_1_192' title='bbox 1049 2471 1086 2513; x_wconf 90' lang='lat' dir='ltr'>or</span> <span class='ocrx_word' id='word_1_193' title='bbox 1033 2449 1204 2514; x_wconf 85' lang='lat' dir='ltr'>tAthe·</span> 
     </span>
     <span class='ocr_line' id='line_1_27' title="bbox 200 2538 1204 2624; baseline -0.003 -19"><span class='ocrx_word' id='word_1_194' title='bbox 200 2539 370 2624; x_wconf 88' lang='lat' dir='ltr'>niensium,</span> <span class='ocrx_word' id='word_1_195' title='bbox 394 2539 530 2604; x_wconf 86' lang='lat' dir='ltr'>classem</span> <span class='ocrx_word' id='word_1_196' title='bbox 553 2538 777 2602; x_wconf 89' lang='lat' dir='ltr'>constituisset</span> <span class='ocrx_word' id='word_1_197' title='bbox 800 2559 891 2602; x_wconf 91' lang='lat' dir='ltr'>suam</span> <span class='ocrx_word' id='word_1_198' title='bbox 913 2559 1016 2621; x_wconf 91' lang='lat' dir='ltr'>neque</span> <span class='ocrx_word' id='word_1_199' title='bbox 1034 2538 1131 2623; x_wconf 87' lang='lat' dir='ltr'>longe</span> <span class='ocrx_word' id='word_1_200' title='bbox 1150 2539 1204 2602; x_wconf 83' lang='lat' dir='ltr'>ab</span> 
     </span>
     <span class='ocr_line' id='line_1_28' title="bbox 201 2591 1203 2711; baseline -0.002 -19"><span class='ocrx_word' id='word_1_201' title='bbox 201 2632 288 2692; x_wconf 90' lang='lat' dir='ltr'>esset</span> <span class='ocrx_word' id='word_1_202' title='bbox 310 2626 359 2711; x_wconf 86' lang='lat' dir='ltr'>Ly</span> <span class='ocrx_word' id='word_1_203' title='bbox 361 2591 488 2711; x_wconf 70' lang='lat' dir='ltr'>dander,</span> <span class='ocrx_word' id='word_1_204' title='bbox 510 2629 641 2710; x_wconf 91' lang='lat' dir='ltr'>praetor</span> <span class='ocrx_word' id='word_1_205' title='bbox 663 2623 991 2690; x_wconf 86' lang='lat' dir='ltr'>Lacedaemoniorum</span> <span class='ocrx_word' id='word_1_206' title='bbox 997 2626 1085 2709; x_wconf 90' lang='lat' dir='ltr'>,qui</span> <span class='ocrx_word' id='word_1_207' title='bbox 1107 2626 1203 2691; x_wconf 92' lang='lat' dir='ltr'>ineo</span> 
     </span>
     <span class='ocr_line' id='line_1_29' title="bbox 201 2713 1205 2799; baseline -0.003 -19"><span class='ocrx_word' id='word_1_208' title='bbox 201 2719 272 2780; x_wconf 92' lang='lat' dir='ltr'>erat</span> <span class='ocrx_word' id='word_1_209' title='bbox 301 2720 476 2799; x_wconf 89' lang='lat' dir='ltr'>occupatus</span> <span class='ocrx_word' id='word_1_210' title='bbox 505 2717 544 2778; x_wconf 90' lang='grc' dir='ltr'>ιιι</span> <span class='ocrx_word' id='word_1_211' title='bbox 574 2713 696 2778; x_wconf 91' lang='lat' dir='ltr'>bellum</span> <span class='ocrx_word' id='word_1_212' title='bbox 726 2735 823 2796; x_wconf 89' lang='lat' dir='ltr'>qnam</span> <span class='ocrx_word' id='word_1_213' title='bbox 852 2713 1032 2777; x_wconf 88' lang='lat' dir='ltr'>diutissime</span> <span class='ocrx_word' id='word_1_214' title='bbox 1064 2714 1205 2798; x_wconf 88' lang='lat' dir='ltr'>duceret,</span> 
     </span>
     <span class='ocr_line' id='line_1_30' title="bbox 203 2801 1205 2888; baseline -0.002 -20"><span class='ocrx_word' id='word_1_215' title='bbox 203 2804 315 2888; x_wconf 91' lang='lat' dir='ltr'>quod</span> <span class='ocrx_word' id='word_1_216' title='bbox 305 2804 386 2887; x_wconf 86' lang='lat' dir='ltr'>ipsis</span> <span class='ocrx_word' id='word_1_217' title='bbox 404 2802 541 2888; x_wconf 89' lang='lat' dir='ltr'>pecunia</span> <span class='ocrx_word' id='word_1_218' title='bbox 554 2824 574 2866; x_wconf 87' lang='lat' dir='ltr'>a</span> <span class='ocrx_word' id='word_1_219' title='bbox 589 2822 665 2887; x_wconf 88' lang='lat' dir='ltr'>rege</span> <span class='ocrx_word' id='word_1_220' title='bbox 684 2801 911 2886; x_wconf 86' lang='lat' dir='ltr'>suppeditabat</span> <span class='ocrx_word' id='word_1_221' title='bbox 911 2823 960 2885; x_wconf 90' lang='lat' dir='ltr'>ur,</span> <span class='ocrx_word' id='word_1_222' title='bbox 978 2805 1054 2866; x_wconf 88' lang='lat' dir='ltr'>cont</span> <span class='ocrx_word' id='word_1_223' title='bbox 1055 2823 1092 2865; x_wconf 87' lang='lat' dir='ltr'>ra</span> <span class='ocrx_word' id='word_1_224' title='bbox 1039 2801 1205 2866; x_wconf 75' lang='lat' dir='ltr'>trithe-</span> 
     </span>
     <span class='ocr_line' id='line_1_31' title="bbox 200 2887 1205 2990; baseline -0.004 -33"><span class='ocrx_word' id='word_1_225' title='bbox 200 2892 368 2957; x_wconf 91' lang='lat' dir='ltr'>niensibus</span> <span class='ocrx_word' id='word_1_226' title='bbox 395 2890 559 2957; x_wconf 83' lang='lat' dir='ltr'>exhaustis</span> <span class='ocrx_word' id='word_1_227' title='bbox 586 2893 735 2990; x_wconf 39' lang='lat' dir='ltr'>praeter·</span> <span class='ocrx_word' id='word_1_228' title='bbox 741 2911 832 2954; x_wconf 90' lang='lat' dir='ltr'>arma</span> <span class='ocrx_word' id='word_1_229' title='bbox 854 2894 888 2953; x_wconf 90' lang='lat' dir='ltr'>et</span> <span class='ocrx_word' id='word_1_230' title='bbox 908 2911 1006 2954; x_wconf 85' lang='lat' dir='ltr'>naves</span> <span class='ocrx_word' id='word_1_231' title='bbox 1029 2887 1111 2953; x_wconf 90' lang='lat' dir='ltr'>nihil</span> <span class='ocrx_word' id='word_1_232' title='bbox 1134 2894 1205 2954; x_wconf 87' lang='lat' dir='ltr'>erat</span> 
     </span>
    </p>

    <p class='ocr_par' dir='ltr' id='par_1_7' title="bbox 165 2976 1207 3330">
     <span class='ocr_line' id='line_1_32' title="bbox 165 2976 1206 3065; baseline -0.003 -20"><span class='ocrx_word' id='word_1_233' title='bbox 165 2993 312 3065; x_wconf 69' lang='lat' dir='ltr'>rsuper,</span> <span class='ocrx_word' id='word_1_234' title='bbox 343 2979 528 3045; x_wconf 87' lang='lat' dir='ltr'>Alcibiades</span> <span class='ocrx_word' id='word_1_235' title='bbox 561 2978 601 3043; x_wconf 92' lang='lat' dir='ltr'>ad</span> <span class='ocrx_word' id='word_1_236' title='bbox 633 2977 752 3043; x_wconf 86' lang='lat' dir='ltr'>exercit</span> <span class='ocrx_word' id='word_1_237' title='bbox 753 3001 809 3042; x_wconf 92' lang='lat' dir='ltr'>um</span> <span class='ocrx_word' id='word_1_238' title='bbox 839 2978 929 3042; x_wconf 82' lang='lat' dir='ltr'>venit</span> <span class='ocrx_word' id='word_1_239' title='bbox 955 2976 1206 3043; x_wconf 85' lang='lat' dir='ltr'>Atheniensium</span> 
     </span>
     <span class='ocr_line' id='line_1_33' title="bbox 202 3065 1205 3153; baseline -0.001 -20"><span class='ocrx_word' id='word_1_240' title='bbox 202 3070 311 3153; x_wconf 88' lang='lat' dir='ltr'>ibique</span> <span class='ocrx_word' id='word_1_241' title='bbox 343 3071 512 3152; x_wconf 90' lang='lat' dir='ltr'>praesente</span> <span class='ocrx_word' id='word_1_242' title='bbox 543 3068 642 3152; x_wconf 85' lang='lat' dir='ltr'>vulgo</span> <span class='ocrx_word' id='word_1_243' title='bbox 672 3087 766 3152; x_wconf 88' lang='lat' dir='ltr'>agere</span> <span class='ocrx_word' id='word_1_244' title='bbox 796 3066 916 3149; x_wconf 87' lang='lat' dir='ltr'>coepit:</span> <span class='ocrx_word' id='word_1_245' title='bbox 948 3065 976 3130; x_wconf 92' lang='lat' dir='ltr'>si</span> <span class='ocrx_word' id='word_1_246' title='bbox 1005 3065 1138 3149; x_wconf 78' lang='lat' dir='ltr'>veilent,</span> <span class='ocrx_word' id='word_1_247' title='bbox 1170 3087 1205 3132; x_wconf 93' lang='lat' dir='ltr'>se</span> 
     </span>
     <span class='ocr_line' id='line_1_34' title="bbox 203 3117 1206 3239; baseline -0.003 -16"><span class='ocrx_word' id='word_1_248' title='bbox 203 3161 391 3223; x_wconf 85' lang='lat' dir='ltr'>coacturum</span> <span class='ocrx_word' id='word_1_249' title='bbox 404 3153 607 3239; x_wconf 85' lang='lat' dir='ltr'>Lysandrum</span> <span class='ocrx_word' id='word_1_250' title='bbox 621 3154 773 3219; x_wconf 85' lang='lat' dir='ltr'>dimicare</span> <span class='ocrx_word' id='word_1_251' title='bbox 788 3158 846 3219; x_wconf 91' lang='lat' dir='ltr'>aut</span> <span class='ocrx_word' id='word_1_252' title='bbox 863 3175 975 3237; x_wconf 91' lang='lat' dir='ltr'>pacem</span> <span class='ocrx_word' id='word_1_253' title='bbox 994 3158 1102 3237; x_wconf 87' lang='lat' dir='ltr'>petere</span> <span class='ocrx_word' id='word_1_254' title='bbox 1119 3117 1206 3238; x_wconf 59' lang='lat' dir='ltr'>[ipo-</span> 
     </span>
     <span class='ocr_line' id='line_1_35' title="bbox 202 3241 1207 3330; baseline -0.002 -20"><span class='ocrx_word' id='word_1_255' title='bbox 202 3245 346 3330; x_wconf 84' lang='lat' dir='ltr'>pondit];</span> <span class='ocrx_word' id='word_1_256' title='bbox 363 3241 635 3308; x_wconf 86' lang='lat' dir='ltr'>Lacedaemonios</span> <span class='ocrx_word' id='word_1_257' title='bbox 650 3264 688 3307; x_wconf 88' lang='lat' dir='ltr'>co</span> <span class='ocrx_word' id='word_1_258' title='bbox 701 3242 788 3306; x_wconf 89' lang='lat' dir='ltr'>nolle</span> <span class='ocrx_word' id='word_1_259' title='bbox 803 3242 905 3307; x_wconf 87' lang='lat' dir='ltr'>classe</span> <span class='ocrx_word' id='word_1_260' title='bbox 920 3241 1100 3326; x_wconf 84' lang='lat' dir='ltr'>confligere,</span> <span class='ocrx_word' id='word_1_261' title='bbox 1119 3242 1207 3325; x_wconf 89' lang='lat' dir='ltr'>quod</span> 
     </span>
    </p>

    <p class='ocr_par' dir='ltr' id='par_1_8' title="bbox 167 3329 1208 3593">
     <span class='ocr_line' id='line_1_36' title="bbox 167 3329 1208 3417; baseline -0.003 -19"><span class='ocrx_word' id='word_1_262' title='bbox 167 3331 406 3417; x_wconf 78' lang='lat' dir='ltr'>spedestribus</span> <span class='ocrx_word' id='word_1_263' title='bbox 435 3331 537 3414; x_wconf 88' lang='lat' dir='ltr'>copiis</span> <span class='ocrx_word' id='word_1_264' title='bbox 563 3330 637 3415; x_wconf 91' lang='lat' dir='ltr'>plus</span> <span class='ocrx_word' id='word_1_265' title='bbox 665 3351 762 3412; x_wconf 87' lang='lat' dir='ltr'>quam</span> <span class='ocrx_word' id='word_1_266' title='bbox 788 3330 926 3394; x_wconf 81' lang='lat' dir='ltr'>navibus</span> <span class='ocrx_word' id='word_1_267' title='bbox 953 3329 1111 3414; x_wconf 73' lang='lat' dir='ltr'>valerent,</span> <span class='ocrx_word' id='word_1_268' title='bbox 1142 3331 1208 3395; x_wconf 88' lang='lat' dir='ltr'>sibi</span> 
     </span>
     <span class='ocr_line' id='line_1_37' title="bbox 203 3380 1208 3503; baseline -0.002 -17"><span class='ocrx_word' id='word_1_269' title='bbox 203 3425 313 3486; x_wconf 90' lang='lat' dir='ltr'>autem</span> <span class='ocrx_word' id='word_1_270' title='bbox 332 3441 401 3484; x_wconf 90' lang='lat' dir='ltr'>esse</span> <span class='ocrx_word' id='word_1_271' title='bbox 420 3419 515 3484; x_wconf 87' lang='lat' dir='ltr'>facile</span> <span class='ocrx_word' id='word_1_272' title='bbox 534 3416 614 3483; x_wconf 81' lang='lat' dir='ltr'>Seut</span> <span class='ocrx_word' id='word_1_273' title='bbox 614 3418 689 3482; x_wconf 93' lang='lat' dir='ltr'>hem</span> <span class='ocrx_word' id='word_1_274' title='bbox 689 3438 826 3503; x_wconf 88' lang='lat' dir='ltr'>,regem</span> <span class='ocrx_word' id='word_1_275' title='bbox 844 3417 1033 3502; x_wconf 86' lang='lat' dir='ltr'>Thraecum,</span> <span class='ocrx_word' id='word_1_276' title='bbox 1051 3380 1208 3484; x_wconf 90' lang='lat' dir='ltr'>adducere</span> 
     </span>
     <span class='ocr_line' id='line_1_38' title="bbox 194 3505 1208 3593; baseline 0.005 -25"><span class='ocrx_word' id='word_1_277' title='bbox 194 3511 238 3568; x_wconf 77' lang='grc' dir='ltr'>ιι</span> <span class='ocrx_word' id='word_1_278' title='bbox 248 3529 323 3571; x_wconf 81' lang='lat' dir='ltr'>enm</span> <span class='ocrx_word' id='word_1_279' title='bbox 340 3512 428 3572; x_wconf 82' lang='lat' dir='ltr'>terra</span> <span class='ocrx_word' id='word_1_280' title='bbox 446 3507 635 3593; x_wconf 86' lang='lat' dir='ltr'>depelleret:</span> <span class='ocrx_word' id='word_1_281' title='bbox 659 3527 723 3592; x_wconf 88' lang='lat' dir='ltr'>que</span> <span class='ocrx_word' id='word_1_282' title='bbox 736 3505 804 3571; x_wconf 87' lang='lat' dir='ltr'>fact</span> <span class='ocrx_word' id='word_1_283' title='bbox 789 3507 1018 3571; x_wconf 86' lang='lat' dir='ltr'>tonecessario</span> <span class='ocrx_word' id='word_1_284' title='bbox 1034 3510 1090 3570; x_wconf 89' lang='lat' dir='ltr'>aut</span> <span class='ocrx_word' id='word_1_285' title='bbox 1104 3507 1208 3574; x_wconf 89' lang='lat' dir='ltr'>classe</span> 
     </span>
    </p>
   </div>
   <div class='ocr_carea' id='block_1_3' title="bbox 0 0 1248 3848">
    <p class='ocr_par' dir='ltr' id='par_1_9' title="bbox 0 0 1248 3848">
     <span class='ocr_line' id='line_1_39' title="bbox 0 0 1248 3848; baseline 0 0"><span class='ocrx_word' id='word_1_286' title='bbox 0 0 1248 3848; x_wconf 95' lang='lat' dir='ltr'> </span> 
     </span>
    </p>
   </div>
  </div>
 </body>
</html>
