2460 3848
468 208 500 264 x.
519 208 617 264 ιιοιι.
645 215 671 264 4.
691 215 714 265 o.
1052 210 1095 275 39

91 356 200 418 terant
227 352 357 436 Dionis,
389 352 424 418 in
450 375 548 418 naves
580 354 737 438 imposuit
764 355 805 420 ad
832 377 969 438 eumque
996 355 1096 420 misit.

91 442 139 506 sic
162 441 248 505 enim
271 440 450 505 existimari
473 441 617 527 volebat,
647 443 679 507 id
703 465 825 508 senon
848 443 921 508 odio
944 443 1096 528 hominis,

91 530 148 594 sed
181 551 257 594 suae
289 529 405 594 salutis
437 529 552 595 fecisse
585 552 690 596 causa.
743 536 858 615 postea
889 553 965 597 vero
997 549 1131 615 quams

92 617 216 682 audivit
243 639 317 682 eum
343 618 378 682 in
400 616 625 702 Peloponneso
653 641 785 684 manum
808 641 995 704 comparare
1019 621 1095 684 sibi·

92 727 155 790 que
178 707 301 770 bellum
323 705 429 771 facere
448 707 567 792 conari,
585 706 716 792 Areten,
739 707 855 773 Dionis
873 730 1016 791 uxorem,
1040 708 1096 772 alii

91 817 158 948 3311)
161 798 232 947 turp
254 794 366 946 dqdit·
365 794 532 896 liliumque
551 795 666 949 lqiust
650 796 697 860 sic
720 796 856 950 educqirji
857 797 974 949 aiuppit,
994 801 1032 860 ιιι
1049 797 1096 860 in·

149 904 268 985 geno·
295 883 477 966 urprssimis
505 884 551 947 im
574 905 649 947 uere
651 888 706 949 tur
733 889 856 968 cuprt
857 888 965 949 ιιιιιι
1019 900 1132 950 name

92 993 191 1074 puero
219 972 309 1056 prius
338 993 436 1055 quam
463 972 565 1054 pubes
593 976 680 1036 esset
711 977 820 1038 scorta
846 973 1095 1058 adducebantur,

91 1060 166 1125 vino
185 1060 353 1143 epulisque
373 1061 531 1124 obruebat
517 1064 571 1124 tur
571 1082 701 1144 ,neque
715 1052 823 1126 ullum
841 1066 970 1144 tempus
985 1061 1095 1126 sobrio

91 1149 343 1231 relinquebatur.
379 1148 407 1212 is
426 1170 527 1232 usque
546 1149 689 1213 coritae
713 1153 836 1214 statum
859 1152 1095 1214 commutatum
1113 1168 1131 1215 o

91 1237 174 1301 ferre
200 1257 268 1301 non
294 1240 386 1319 potu1
377 1236 415 1319 t,
446 1238 658 1320 postquam
649 1260 684 1302 m
710 1239 851 1321 patriam
878 1238 975 1302 rediit
1001 1241 1095 1322 pater

92 1322 246 1411 (namque
270 1324 412 1408 appositi
435 1328 528 1390 erant
550 1326 715 1410 custodes,
738 1326 794 1410 qui
817 1349 890 1390 eum
914 1349 933 1390 a
954 1326 1094 1410 pristino

91 1414 182 1477 victu
209 1410 429 1497 deducerent),
460 1418 498 1478 ιιι
525 1434 560 1477 se
588 1414 626 1478 de
654 1415 818 1496 superiore
845 1419 938 1499 parte
967 1414 1095 1479 aedium

91 1501 245 1566 deiecerit
268 1505 365 1584 atque
388 1502 436 1566 ita
458 1501 629 1566 interierit.
674 1502 730 1566 sed
752 1503 830 1567 illuc
853 1507 1006 1568 revertor.

180 1589 360 1672 Postquam
392 1587 586 1654 Corinthum
622 1589 769 1672 pervenit
800 1589 887 1654 Dion
918 1595 952 1653 et
983 1591 1136 1656 eodem5

91 1677 236 1763 perfugit
257 1677 446 1742 Heraclides
470 1677 510 1740 ab
535 1676 646 1741 eodem
669 1678 820 1759 expulsus
844 1677 1016 1763 Dionysio,
1039 1678 1095 1760 qui
1182 1737 1185 1740 Δ

91 1766 275 1850 praefectus
298 1764 405 1829 fuerat
428 1765 583 1847 equitum,
607 1765 695 1828 omni
717 1765 843 1828 ratione
865 1765 988 1829 bellum
1011 1787 1095 1830 oom-

91 1875 206 1938 parare
225 1856 408 1936 coeperunt.
445 1852 583 1916 sednon
602 1852 741 1916 multum
764 1852 986 1938 proficiebant,
1009 1853 1131 1937 quoda

92 1943 271 2006 multorum
298 1962 455 2005 annorum
482 1940 630 2024 tyrannis
658 1961 849 2026 magnarum
877 1963 975 2024 opum
1002 1946 1095 2025 puta·

91 2031 204 2094 batur:
227 2051 325 2113 quam
348 2029 389 2093 ob
414 2049 543 2093 causam
565 2028 660 2112 pauci
684 2028 724 2093 ad
747 2030 937 2094 societatem
942 2030 1094 2131 ‚periculi

90 2119 357 2202 perducebantur.
400 2117 455 2181 sed
478 2116 573 2219 Dion,
594 2116 698 2181 fretus
720 2139 786 2183 non
809 2122 878 2182 tam
901 2119 969 2183 suis
993 2119 1130 2202 copiisa

91 2229 190 2291 quam
218 2206 291 2271 odio
305 2205 475 2358 tyranni,t
490 2206 630 2270 maximo
654 2207 761 2270 animo
785 2206 910 2271 duabus
938 2206 1094 2271 onerariis

91 2296 228 2361 navibus
259 2294 495 2380 quinquaginta
527 2315 684 2358 annorum
716 2295 901 2379 imperium,
934 2295 1095 2358 munitum

93 2383 279 2469 quingentis
301 2383 408 2468 longis
430 2382 576 2466 navibus,
599 2381 709 2446 decem
732 2383 878 2464 equitum
902 2386 1094 2483 centumque

91 2473 238 2556 peditum
260 2471 407 2554 milibus,
434 2433 598 2553 profectis
622 2474 858 2570 oppugnatum,
886 2469 972 2552 quod
995 2470 1094 2534 omni·

90 2561 153 2624 bus
181 2563 259 2644 gent
245 2558 333 2623 tibus
361 2558 550 2622 admirabile
577 2561 628 2622 est
650 2558 769 2641 visum,
797 2557 875 2621 adeo
903 2555 998 2622 facile
1025 2579 1095 2642 per·

92 2648 181 2730 culit,
204 2651 242 2711 ut
263 2650 339 2729 post
362 2646 447 2710 diem
469 2646 619 2728 tertium,
642 2667 739 2728 quam
760 2608 979 2710 Siciliamt
930 2650 979 2710 att
980 2645 1094 2732 igeret,

93 2733 270 2819 Syracusas
297 2733 469 2798 introierit
514 2755 553 2797 ex
576 2754 639 2816 quo
662 2733 809 2819 intellegi
836 2736 946 2816 potest
967 2734 1094 2799 nullum

92 2845 162 2889 esse
185 2823 357 2906 imperium
379 2825 489 2885 ιιιιιιιιι
511 2822 575 2886 nisi
597 2821 816 2885 benivolentia
839 2822 1009 2886 munitum
1054 2839 1130 2888 θοι

91 2917 237 2995 tempore
265 2911 378 2974 aberat
400 2908 576 2993 Dionysius
604 2909 673 2973 et
663 2931 698 2974 m
720 2907 818 2973 Italia
841 2910 976 2974 classem
999 2931 1093 2993 oppe

92 3001 197 3065 riebat
183 3004 237 3064 tur
265 2998 534 3082 adversariorum,
561 3001 652 3061 ratus
681 2997 842 3062 neminem
870 2999 938 3062 sine
966 2998 1091 3082 magnis

92 3089 194 3172 copiis
223 3087 263 3152 ad
291 3108 324 3151 se
346 3048 534 3151 venturum,
573 3107 653 3169 quae
676 3106 728 3150 res
751 3107 825 3150 eum
847 3085 972 3150 fefellit.
1016 3103 1129 3152 namo

91 3174 226 3240 Dion''
204 3197 244 3240 us
272 3176 367 3259 ipsis,
397 3177 453 3257 qui
481 3175 540 3239 sub
569 3174 743 3239 adversarii
770 3173 898 3238 fuerant
920 3178 1029 3257 potest
1031 3178 1093 3259 ate,

92 3263 199 3349 regios
222 3264 357 3348 spiritus
380 3263 536 3346 repressit
559 3262 725 3345 totiusque
749 3262 817 3327 eius
840 3262 944 3346 partis
964 3259 1093 3326 Siciliae

90 3372 133 3436 po
136 3352 217 3416 titus
240 3356 299 3436 est,
322 3374 404 3436 quae
427 3352 487 3416 sub
510 3350 660 3435 Dionysii
682 3349 789 3414 fuerat
810 3352 988 3435 potestate,
1010 3351 1093 3434 pari-

91 3461 154 3524 que
186 3404 299 3504 modo,
312 3441 402 3504 urbis
432 3437 664 3523 Syracusarum
695 3443 824 3522 praeter
854 3459 968 3501 arcem
989 3438 1057 3497 et
1049 3459 1104 3496 m-

91 3530 195 3594 sulam
227 3529 358 3594 adiuret
344 3533 412 3595 tam
445 3528 588 3617 oppido,
623 3549 733 3614 eoque
762 3547 844 3590 rem
868 3519 1063 3605 quom
1089 3517 1176 3568 W»
