2460 3848
127 152 171 216 56
407 147 467 203 XV.
486 144 756 201 EPAMINONDAS.
787 153 810 200 1.
830 154 854 200 ἓ.

401 329 477 403 XV.
504 329 860 403 EPAMINONDAS.

94 474 111 538 1
215 469 468 555 Epaminondas,
490 467 654 552 Polymnii
676 469 773 553 filius,
795 467 977 532 Thebanus.
1014 467 1135 533 dehoc

127 560 318 646 priusquam
336 557 518 641 scribimus,
536 557 616 622 haee
630 556 856 641 praecipienda
869 556 1018 621 ridentur
1036 557 1135 622 lecto·

127 650 228 733 ribus,
249 668 289 711 ne
309 646 431 710 alienos
449 666 556 709 mores
575 645 616 709 ad
635 666 710 710 suos
725 644 876 729 referant,
893 666 973 708 neve
988 665 1034 729 ea,
1053 666 1136 728 quae

128 738 209 822 ipsis
232 735 354 799 leviora
377 738 466 817 sunt,
493 733 683 817 parimodo
707 733 792 817 apud
815 736 940 798 ceteros
962 732 1064 798 fuisse
1088 755 1136 798 ar·

92 841 110 890 2
128 826 300 889 bitrentur.
329 823 448 888 seimus
468 822 554 886 enirn
572 822 717 886 musicen
729 821 853 885 nostris
867 821 1012 886 moribus
1023 822 1136 887 abesse

130 937 149 978 a
171 912 326 997 principis
349 931 496 995 persona,
519 910 638 974 saltare
661 931 738 974 vero
761 910 861 975 etiam
879 910 914 973 in
931 910 1021 975 vitiis
1044 911 1136 994 poni:

131 1023 212 1086 quae
235 1000 344 1065 omnia
367 998 451 1082 apud
475 995 615 1063 Graecos
635 1002 669 1062 et
687 1001 782 1084 grata
800 1001 833 1062 et
850 998 944 1062 laude
963 999 1061 1084 digna
1082 1000 1137 1064 du·

94 1105 112 1154 3
131 1094 255 1155 cuntur.
288 1110 361 1153 cum
375 1092 484 1150 autem
502 1087 680 1170 exprimere
699 1086 875 1171 imaginem
894 1087 1137 1152 consuetudinis

130 1182 228 1262 atque
251 1177 338 1241 vitae
361 1175 496 1238 velimus
519 1173 777 1259 Epaminondae,
805 1174 889 1239 nihil
916 1175 1062 1241 ridemur
1084 1176 1137 1241 de·

130 1268 206 1331 bere
228 1263 503 1349 praetermittere,
527 1263 613 1347 quod
635 1263 798 1347 pertineat
821 1263 861 1327 ad
884 1285 956 1327 eam
974 1264 1136 1328 declaran-

95 1355 213 1418 4dam.
260 1374 358 1436 quare
382 1352 524 1416 dicemus
547 1351 689 1435 primum
711 1351 750 1415 de
773 1372 890 1437 genere
915 1353 1000 1437 eius,
1022 1352 1136 1438 deinde

132 1443 247 1525 quibus
275 1440 454 1524 disciplinis
482 1444 515 1504 et
544 1461 563 1503 a
590 1439 708 1523 quibus
736 1439 781 1504 sit
807 1440 967 1522 eruditus,
999 1445 1071 1505 tum
1098 1441 1138 1505 de

131 1530 276 1594 moribus
299 1529 484 1614 ingeniique
507 1527 719 1593 facultatibus
742 1532 776 1592 et
799 1529 827 1592 si
850 1550 914 1611 qua
935 1528 1000 1592 alia
1018 1551 1138 1595 memo

131 1619 181 1682 ria
207 1618 306 1703 digua
333 1621 441 1702 erunt,
472 1621 637 1701 postremo
667 1616 705 1680 de
733 1617 829 1681 rebus
858 1616 976 1702 gestis,
1008 1638 1090 1700 quae
1119 1641 1139 1682 a

132 1707 282 1791 plurimis
306 1705 406 1771 animi
429 1708 670 1789 anteponuntur
692 1705 877 1768 virtutibus.

96 1795 119 1860 2
220 1793 328 1859 Natus
350 1794 452 1878 igitur
474 1797 576 1878 patre,
599 1814 662 1876 quo
682 1793 830 1876 diximus,
853 1814 970 1878 genere
990 1792 1139 1880 honesto,

132 1883 343 1968 pauperiem
366 1905 386 1945 a
408 1882 585 1946 maioribus
609 1882 741 1946 relictus
769 1886 826 1965 cst,
856 1881 1001 1947 eruditus
1029 1886 1139 1947 autem

134 1973 180 2036 sic
202 1974 240 2034 ut
262 1991 357 2034 nemo
380 1969 553 2033 Thebanus
577 1969 691 2054 magis.
736 1992 811 2033 nam
835 1972 869 2033 et
892 1970 1082 2035 citharizare
1106 1975 1141 2036 et

134 2064 263 2124 cantare
292 2057 332 2121 ad
360 2057 552 2121 chordarum
580 2079 696 2121 sonum
718 2058 832 2122 doetus
855 2062 906 2122 est
929 2081 949 2122 a
970 2057 1140 2144 Dionysio,

134 2147 190 2230 qui
217 2167 282 2211 non
310 2145 433 2209 minore
462 2143 527 2209 fuit
548 2144 583 2208 in
605 2145 737 2210 musicis
761 2146 867 2231 gloria
890 2168 988 2229 quam
1010 2146 1139 2212 Damon

135 2239 192 2299 aut
214 2233 388 2318 Lamprus,
415 2255 553 2316 quorum
574 2233 767 2318 pervulgata
791 2237 867 2298 sunt
893 2236 1039 2320 nomina,
1066 2257 1139 2300 can-

99 2338 116 2388 2
135 2328 205 2387 tare
228 2323 319 2386 tibiis
343 2322 384 2385 ab
404 2320 647 2406 Olympiodoro,
671 2321 790 2386 saltare
813 2320 1067 2408 aOalliphrone.
1104 2328 1141 2388 at

135 2410 361 2496 philosophiae
384 2414 626 2494 praeceptorem
648 2409 764 2474 habuit
786 2409 899 2494 Lysim
919 2411 1141 2496 Tarentinum,

135 2500 391 2585 Pythagoreum:
427 2497 480 2563 cui
507 2499 637 2581 quidem
665 2500 711 2564 sic
738 2499 802 2563 fuit
829 2499 969 2585 deditus,
1001 2504 1039 2565 ut
1066 2500 1141 2565 adu·

135 2588 260 2652 lescens
283 2589 413 2652 tristem
433 2608 471 2651 ac
490 2607 637 2651 severum
655 2609 763 2652 senem
783 2588 932 2652 omnibus
951 2588 1140 2672 aequalibus

137 2677 204 2739 suis
227 2676 261 2739 in
283 2674 506 2738 familiaritate
543 2678 779 2762 anteposuerit3
807 2699 910 2762 neque
939 2679 1030 2762 prius
1066 2697 1142 2742 eum

138 2786 157 2827 a
180 2784 214 2827 se
237 2763 374 2847 dimisit,
398 2784 495 2846 quam
517 2763 552 2826 in
574 2762 730 2827 doctrinis
754 2767 846 2827 tanto
871 2768 1046 2828 antecessit
1069 2787 1142 2829 con·

137 2851 322 2935 discipulos,
344 2854 381 2915 ut
399 2850 494 2915 facile
512 2851 660 2936 intellegi
678 2855 791 2935 posset
808 2851 879 2936 pari
898 2852 993 2917 modo
1014 2874 1142 2937 supera-

101 2957 118 3004 o
137 2944 248 3005 turum
263 2961 374 3004 omnes
388 2940 423 3003 in
438 2939 553 3004 ceteris
568 2940 702 3004 artibus.
735 2942 832 3022 atque
846 2939 926 3004 haee
941 2940 981 3004 ad
994 2945 1143 3005 nostram

138 3028 403 3094 consuetudinem
426 3031 502 3091 sunt
525 3028 609 3092 levia
632 3030 665 3092 et
692 3028 802 3112 potius
831 3029 1078 3115 contemnenda3
1108 3032 1143 3093 at

101 3117 173 3180 ein
195 3114 343 3199 Graecia,
371 3116 484 3199 utique
512 3116 603 3198 olim,
633 3136 771 3201 magnae
798 3116 887 3180 laudi
910 3121 1010 3180 erant.
1055 3121 1144 3203 post

138 3226 236 3288 quarn
263 3203 406 3288 ephebus
434 3207 484 3267 est
511 3202 618 3267 factus
646 3208 679 3268 et
708 3204 888 3289 palaestrae
913 3205 988 3270 dare
1012 3226 1145 3289 operam

138 3294 260 3376 eoepit,
291 3313 357 3356 non
389 3296 458 3355 tam
485 3291 703 3377 magnitudini
729 3293 848 3357 virium
880 3294 1014 3358 servivit
1046 3316 1145 3377 quam

137 3381 318 3445 velocitati:
350 3380 441 3444 illam
465 3380 551 3444 enim
574 3380 614 3444 ad
637 3380 835 3446 athletarum
862 3403 971 3464 usum,
998 3383 1081 3447 hane
1105 3381 1145 3445 ad

101 3484 119 3530 e
138 3468 218 3532 belli
241 3468 451 3533 existimabat
475 3469 679 3550 [utilitatem]
710 3469 880 3554 pertinere.
925 3471 1036 3553 itaque
1059 3490 1145 3534 exer·
