2460 3848
376 213 409 268 II.
429 213 709 271 THEMISTOCLES.
738 223 762 271 6.
783 222 806 273 7.
1056 217 1096 279 11

95 359 159 424 sibi
186 381 259 425 cnm
287 359 328 424 iis
356 363 520 424 certamen
545 359 624 424 fore.
670 381 768 444 quare
799 382 854 426 eos
885 383 982 446 quem
1010 362 1132 426 infir-4

95 448 258 512 missimus
287 469 356 512 esse
383 448 544 512 volebant.
589 452 764 531 postquam
791 453 900 514 autem
927 450 1098 515 audienmt

95 558 204 600 muros
233 536 329 619 strui,
355 536 556 620 legatost
510 534 656 601 Athenas
684 537 856 622 miserunt,
884 538 939 621 qui
967 538 1000 602 id
1026 538 1098 602 fieri
1167 619 1169 622 .

93 628 250 688 vetarent
294 624 346 688 his
373 624 598 707 praesentibus
627 624 791 688 desierunt
818 647 855 689 ac
883 647 917 690 se
940 626 978 690 de
1002 647 1041 690 ea
1062 647 1097 690 re

94 713 221 797 legatos
250 712 290 776 ad
317 733 372 776 eos
400 711 555 776 missuros
586 712 744 777 dixerumt.
789 713 872 778 hanc
900 714 1133 800 legationem

95 800 239 951 sulscepit
265 799 499 864 Themistocles
528 804 561 864 et
588 800 676 864 solus
705 800 811 884 primo
840 801 1006 885 profectus
1034 806 1097 867 est:

94 889 142 951 rel
143 889 211 989 iqui
233 888 336 973 legati
358 892 396 952 ut
418 892 489 952 tum
517 889 654 973 exirent,
681 910 754 953 cum
782 889 862 953 satis
891 890 950 953 alti
977 891 1096 955 tuendo

95 976 179 1040 muri
207 976 364 1040 exstructi
386 975 583 1061 viderentur,
612 939 790 1060 piaecepit:
822 977 953 1041 interim
977 999 1097 1062 omnes,

91 1065 179 1134 servi
203 1068 300 1148 atque
322 1063 434 1148 liberi,
457 1085 538 1148 opus
560 1064 705 1130 facerent
727 1087 830 1149 neque
852 1065 913 1129 ulli
935 1066 1007 1130 loco
1025 1088 1098 1149 par·

93 1157 212 1236 cerent,
235 1153 302 1217 sive
326 1173 416 1217 sacer
439 1152 505 1217 sive
527 1153 673 1236 privatus
693 1158 779 1218 esset
797 1153 864 1218 sive
881 1154 1041 1238 publicae,
1065 1158 1098 1218 et

92 1242 242 1325 undique,
266 1241 352 1324 quod
374 1241 525 1305 idoneum
548 1241 588 1305 ad
611 1241 818 1305 muniendum
840 1246 1002 1327 putarent,
1025 1262 1098 1307 con-

93 1332 249 1415 gererent.
296 1350 359 1411 quo
386 1328 509 1394 factum
537 1333 587 1394 est
614 1334 652 1394 ut
674 1328 924 1394 Atheniensium
950 1330 1098 1394 murier

95 1419 222 1482 sacellis
247 1417 466 1501 sepulcrisque
489 1421 683 1482 constarent.

181 1505 415 1570 Themistocles
431 1510 549 1590 autem,
562 1510 600 1570 ut
610 1504 883 1571 Lacedaemonem
896 1507 994 1591 venit,
1008 1506 1097 1571 adire
1117 1505 1134 1566 7

94 1593 134 1657 ad
157 1594 329 1694 magistrat
330 1615 368 1658 us
390 1594 497 1658 noluit
520 1598 553 1658 et
576 1594 663 1658 dedit
687 1616 827 1679 operam,
849 1599 887 1660 ut
910 1617 1007 1678 quam
1030 1596 1097 1685 lon·

93 1682 227 1767 gissime
250 1686 379 1764 tempus
402 1682 542 1765 duceret,
565 1703 695 1746 causam
718 1683 925 1765 interponens
949 1704 984 1746 se
1003 1682 1097 1746 colle

93 1791 151 1855 gas
175 1774 369 1853 exspectare.
415 1790 488 1833 cum
510 1732 757 1870 Lacedaemonii
781 1774 991 1852 quererentur
1014 1790 1096 1853 opus
1115 1783 1131 1829 a

92 1858 195 1922 nihilo
219 1858 324 1921 minus
347 1857 418 1920 fieri
441 1858 635 1939 eumquein
656 1879 694 1921 ea
716 1879 751 1921 re
775 1859 884 1922 conari
906 1857 1097 1941 fallerem·

93 1946 190 2009 terim
220 1945 337 2028 reliqui
365 1945 466 2030 legati
497 1949 573 2009 sunt
603 1945 776 2010 consecuti
822 1967 842 2009 a
871 1946 989 2029 quibus
1023 1966 1096 2010 oum

93 2034 236 2098 audisset
253 2054 319 2097 non
337 2033 477 2097 multum
495 2054 662 2118 superesse
680 2033 879 2117 munitionis,
898 2035 939 2098 ad
957 2034 1095 2118 ephoros

93 2121 421 2187 Lacedaemoniorum
444 2122 589 2206 accessit,
611 2143 709 2205 penes
734 2143 815 2205 quos
840 2144 1002 2186 summum
1026 2126 1096 2186 erat

91 2210 768 2381 lAntiiiriquuidieaiiiellqiruanliuiisserimilledinliiililst
780 2210 883 2362 liiidie
896 2210 1095 2379 lirsoliislseesqduiie

92 2387 222 2451 mittere
247 2387 378 2469 [quibus
396 2386 475 2450 fides
494 2385 692 2470 haberetur],
716 2387 772 2468 qui
790 2408 859 2450 rem
877 2387 1095 2469 explorarent:

91 2475 216 2539 interea
234 2496 268 2538 se
288 2475 432 2539 obsidem
450 2474 635 2538 retinerent.
665 2478 777 2559 gestus
796 2477 847 2537 est
865 2473 896 2536 ei
914 2494 994 2557 mos,
1017 2477 1130 2536 tres-3

93 2583 154 2645 que
185 2562 286 2647 legati
316 2562 420 2626 functi
452 2562 586 2626 summis
618 2561 796 2626 honoribus
823 2559 970 2624 Athenas
1003 2560 1095 2624 missi

92 2654 177 2714 sunt.
212 2671 285 2713 cum
307 2648 360 2713 his
384 2650 525 2734 collegas
549 2671 624 2715 suos
647 2648 882 2714 Themistocles
904 2647 1000 2713 iussit
1022 2669 1094 2732 pro-

91 2737 193 2802 ficisci
215 2737 319 2820 iisque
341 2738 510 2820 praedixit,
532 2742 570 2802 ut
591 2759 632 2801 ne
654 2738 744 2820 prius
767 2735 1094 2802 Lacedaemoniorum

91 2825 219 2911 legatos
249 2825 452 2889 dimitterent
480 2847 578 2908 quam
609 2826 678 2909 ipse
706 2828 793 2889 esset
823 2826 987 2890 remissus.
1033 2826 1129 2889 hosa

70 2916 72 2919 ’
90 2918 265 2998 postquam
279 2912 424 2977 Athenas
442 2914 626 2996 pervenisse
640 2917 730 2977 ratus
745 2916 804 2997 est,
823 2913 863 2977 ad
881 2914 1093 2998 magistratus

92 3006 303 3085 senatumque
322 2999 648 3066 Lacedaemoniorum
667 3001 747 3065 adiit
766 3005 799 3065 et
818 3002 903 3085 apud
921 3023 976 3065 eos
999 3001 1094 3064 liber-

91 3091 172 3153 rime
201 3089 366 3173 professus
395 3093 457 3154 est:
493 3087 708 3154 Athenienses
736 3111 794 3154 suo
825 3089 978 3174 consilio,
1008 3087 1093 3172 quod

75 3179 254 3242 communi
276 3179 346 3242 iure
369 3178 515 3262 gentium
537 3176 643 3242 facere
669 3181 818 3262 possent,
845 3179 922 3242 deos
945 3176 1093 3261 publicos

92 3287 231 3349 suosque
253 3267 378 3350 patrios
398 3287 435 3330 ac
452 3269 596 3350 penates,
619 3287 682 3348 quo
701 3264 829 3330 facilius
848 3267 890 3330 ab
908 3265 1003 3329 hoste
1021 3285 1094 3348 pos·

91 3357 165 3419 sent
187 3353 368 3438 defendere,
390 3354 491 3418 muris
515 3354 672 3438 saepsisse
694 3374 798 3437 neque
821 3353 856 3418 in
878 3375 915 3417 eo
940 3352 1024 3436 quod
1047 3352 1094 3416 in·

90 3442 171 3506 utile
194 3448 280 3506 esset
304 3441 456 3506 Graeciae
478 3441 602 3506 fecisse.
635 3463 713 3506 nam
733 3442 876 3506 illorum
890 3441 1021 3502 urum
1030 3440 1152 3508 KQ*

88 3530 368 3615 propugnaculum
392 3531 585 3619 oppositum
608 3554 683 3600 esse
704 3529 893 3608 loar‘oar'us,
915 3521 1015 3603 apuu
1034 3527 1149 3590 <roffi
