2460 3848
144 204 185 267 78
431 202 529 259 XVIII.
547 201 728 258 EUMENRs,
751 209 798 269 ss·
820 209 862 260 12.

144 370 220 414 casu
243 370 355 432 capere
379 348 507 431 vellent,
531 352 564 413 et
583 348 638 431 qui
656 351 791 432 propter
807 351 949 413 veterem
969 347 1144 413 amicitiam

143 437 285 520 colloqui
309 437 532 520 consolarique
556 441 718 526 cuperent,
741 437 837 500 multi
860 437 975 522 etiam,
999 437 1054 521 qui
1077 436 1146 502 eius

143 525 282 590 formam
301 544 494 609 cognoscere
514 523 697 607 studebant,
721 525 825 608 qualis
845 529 940 609 esset,
963 546 1058 608 quem
1077 529 1147 589 tam

143 613 198 677 diu
225 618 356 696 tamque
379 612 471 677 valde
498 612 701 697 timuissent,
734 613 823 677 cuius
856 613 890 676 in
921 613 1064 697 pernicie
1092 635 1147 697 po-

107 701 241 766 3sitam
269 723 359 785 spem
388 700 580 765 habuissent
607 700 772 766 victoriae.
818 705 853 764 at
874 699 1049 786 Eumenes,
1073 723 1147 766 oum

142 789 264 853 diutius
287 790 322 854 in
344 789 459 853 vinclis
482 792 582 872 esset,
611 790 659 852 ait
681 787 900 872 Onomarcho,
927 810 1025 872 penes
1049 810 1147 872 quem

143 899 269 941 summa
296 876 424 960 imperii
448 881 518 942 erat
541 877 719 961 custodiae,
746 899 781 941 se
804 877 928 959 mirari,
957 898 1056 960 quare
1080 877 1146 941 iam

142 965 276 1030 tertium
299 965 384 1029 diem
407 965 453 1030 sic
476 969 654 1029 teneretur:
683 987 748 1029 non
776 965 862 1030 enim
889 965 951 1029 hoc
975 966 1146 1030 convenire

142 1053 301 1139 Antigoni
322 1053 521 1138 prudentiae,
543 1057 581 1117 ut
599 1054 646 1118 sic
663 1056 809 1118 uteretur
827 1053 967 1117 devicto:
991 1053 1070 1137 quin
1089 1057 1146 1117 aut

106 1141 281 1206 tinterfici
308 1146 366 1206 aut
392 1141 528 1205 missum
554 1140 625 1206 fieri
651 1141 787 1206 iuberet.
832 1141 885 1205 hio
909 1163 982 1206 cum
1004 1141 1145 1206 ferocius

143 1228 347 1294 Onomarcho
369 1229 460 1312 loqui
482 1229 654 1314 videretur,
677 1229 788 1313 ‘quid‘l
824 1229 872 1292 tu'
895 1228 1002 1312 inquit
1025 1229 1144 1294 ‘animo

143 1318 171 1381 si
193 1317 258 1382 isto
282 1338 362 1400 eras,
386 1339 442 1382 cur
461 1339 528 1382 non
545 1317 580 1381 in
597 1317 721 1400 proelio
745 1316 890 1382 cecidisti
913 1317 1023 1401 potius
1048 1339 1145 1400 quam

107 1420 124 1468 5
141 1405 176 1468 in
193 1409 392 1488 potestatem
410 1405 533 1470 inimici
551 1405 714 1471 venires?'
741 1405 817 1471 huic
831 1404 993 1470 Eumenes
1007 1405 1146 1470 ‘utinam

143 1493 272 1577 quidem
289 1493 377 1557 istud
391 1494 564 1559 evenisset!
588 1495 644 1558 sed
662 1514 700 1558 eo
719 1515 784 1557 non
803 1493 930 1578 accidit,
952 1493 1039 1576 quod
1054 1516 1146 1558 num·

143 1603 241 1666 quam
263 1603 337 1647 cum
359 1581 495 1646 fortiore
524 1603 596 1646 sum
624 1602 830 1667 congressus:
864 1603 931 1646 non
957 1581 1044 1645 enim
1071 1603 1146 1647 cum

143 1691 306 1754 quoquam
329 1692 420 1734 arma
438 1671 569 1754 contuli,
593 1671 671 1753 quin
688 1670 717 1733 is
736 1669 815 1733 mihi
836 1669 1062 1734 succubuerit?
1091 1693 1145 1735 ne-

142 1759 259 1842 quaid
283 1763 353 1824 erat
380 1759 512 1823 falsum:
546 1780 613 1823 non
640 1758 725 1822 enim
752 1757 874 1822 virtute
900 1757 1059 1842 hostium,
1089 1758 1144 1823 sed

142 1848 320 1911 amicorum
341 1847 476 1931 perfidia
498 1846 625 1911 decidit.
647 1867 728 1907 *a*
749 1849 878 1910 namet
900 1845 1059 1930 dignitate
1081 1845 1145 1910 fuit

142 1934 280 1999 honesta
302 1939 336 1999 et
358 1935 481 2000 viribus
504 1934 544 1998 ad
566 1933 901 2010 laboremferendum
919 1933 1022 1998 firmis
1040 1956 1145 2017 neque

143 2025 211 2085 tam
233 2042 351 2107 magno
375 2043 509 2104 corpore
533 2044 630 2105 quam
652 2022 757 2106 figura
779 2025 923 2086 venusta.

92 2110 132 2174 12
230 2108 280 2173 De
311 2109 373 2173 hoo
404 2107 590 2193 Antigonus
623 2131 696 2173 cum
729 2109 816 2173 solus
849 2110 1046 2175 constituere
1078 2132 1145 2174 non

143 2197 284 2282 auderet,
306 2197 346 2261 ad
370 2196 540 2261 consilium
563 2197 699 2261 rettulit.
735 2196 788 2261 hic
808 2218 880 2261 cum
904 2219 1014 2262 omnes
1036 2198 1143 2281 primo

142 2285 324 2369 perturbati
343 2285 578 2350 admirarentur
599 2306 666 2348 non
688 2285 753 2369 iam
775 2284 814 2349 dc
833 2306 871 2350 eo
891 2290 1055 2368 sumptum
1072 2307 1144 2351 esse

143 2374 346 2458 supplicium,
369 2395 474 2457 aquo
498 2376 550 2437 tot
573 2394 673 2436 annos
698 2367 776 2437 adeo
801 2376 909 2438 essent
927 2374 1011 2439 male
1028 2373 1144 2460 habiti,

142 2466 180 2527 ut
198 2483 293 2546 saepe
308 2463 348 2527 ad
362 2461 619 2545 desperationem
633 2461 740 2526 forent
754 2460 892 2545 adducti,
911 2463 1029 2546 quique
1046 2463 1145 2526 maxi·

108 2567 213 2615 amos
237 2550 332 2615 duces
355 2549 586 2634 interfecisset,
613 2548 749 2632 denique
776 2549 811 2613 in
838 2571 901 2633 quo
924 2572 989 2614 uno
1015 2554 1145 2615 tantum

143 2642 238 2721 esset,
259 2642 306 2722 ut,
329 2638 434 2722 quoad
456 2638 512 2703 ille
535 2638 666 2721 viveret,
688 2637 752 2720 ipsi
775 2638 878 2702 securi
901 2660 971 2703 esse
989 2661 1055 2704 non
1073 2659 1146 2722 pos-

142 2730 224 2808 sent,
242 2725 413 2791 interfecto
432 2726 514 2790 nihil
527 2725 672 2790 habituri
685 2725 810 2810 negotii
824 2729 946 2790 essent:
969 2731 1145 2810 postremo,

143 2813 171 2879 si
203 2813 252 2877 illi
280 2813 427 2879 redderet
459 2815 610 2897 salutem,
642 2813 853 2897 quaerebant,
886 2814 1003 2896 quibus
1031 2815 1145 2880 amicis

143 2905 230 2967 esset
251 2923 382 2966 usurus:
410 2924 480 2967 sese
504 2902 590 2967 enim
613 2923 685 2966 eum
707 2900 852 2966 Eumene
876 2901 960 2985 apud
983 2924 1146 2968 eumnon

107 2990 280 3057 afuturos.
322 2987 377 3056 hic
401 2990 531 3076 cognita
555 2989 682 3054 consilii
708 2989 876 3053 voluntate
906 2993 1015 3054 tamen
1042 3012 1145 3074 usque

143 3081 183 3144 ad
209 3077 386 3163 septimum
413 3079 497 3143 diem
524 3077 721 3143 deliberandi
750 3077 812 3141 sibi
840 3078 981 3160 spatium
1004 3079 1145 3162 reliquit.

143 3173 213 3233 tum
241 3173 363 3251 autem,
393 3188 466 3231 cum
493 3167 559 3231 iam
581 3169 746 3231 vereretur
768 3187 808 3229 ne
832 3187 896 3248 qua
918 3165 1035 3230 seditio
1059 3188 1146 3232 exer-

143 3257 227 3321 citus
252 3259 409 3339 oreretur,
437 3255 542 3319 vetuit
570 3275 763 3338 quemquam
792 3253 831 3316 ad
859 3275 932 3318 eum
960 3255 1089 3319 admitti
1113 3259 1147 3320 et

143 3343 356 3408 cottidianum
378 3343 501 3407 victum
524 3342 681 3407 removeri
709 3341 818 3406 iussit:
847 3347 923 3406 nam
945 3343 1088 3427 negabat
1112 3365 1146 3408 se

106 3432 172 3496 4ei
195 3432 260 3497 vim
284 3432 472 3514 allaturum,
500 3431 551 3496 cui
579 3430 750 3513 aliquando
777 3429 894 3494 fuisset
917 3431 1047 3495 amicus.
1092 3431 1147 3495 hic

127 3521 241 3578 tamen
256 3539 327 3582 non
345 3519 491 3604 amplius
506 3540 604 3604 quam
621 3519 765 3584 triduum
781 3516 866 3583 fame
884 3517 1054 3604 fatigatus.
1072 3541 1147 3584 cum
