2460 3848
388 198 474 255 XVII.
492 198 701 256 AGESILAUS.
729 208 753 256 3.
772 208 797 256 4.
1054 203 1094 266 67

93 345 149 429 qui
172 345 288 410 ceteris
310 345 568 429 praestitissent,
591 366 645 409 eos
669 346 797 430 magnis
821 345 965 411 afficeret
988 368 1097 412 mune

92 434 191 498 ribus.
231 433 283 497 his
306 434 408 518 igitur
430 433 527 497 rebus
551 433 657 497 effecit
679 437 717 497 ut
739 437 773 497 et
796 434 1041 499 ornatissimum
1063 439 1097 500 et

92 521 399 586 exercitatissimum
425 521 562 585 haberet
589 521 773 585 exercitum.
817 522 894 586 huie
917 543 990 587 cum
1018 526 1132 587 tem-u

92 631 152 695 pus
185 613 272 674 esset
304 609 411 674 visum
443 609 552 693 copias
591 609 759 674 extrahere
794 632 833 674 ex
867 610 1097 695 hibernaculis,

93 697 184 782 vidit,
207 698 244 781 si,
268 718 331 780 quo
353 701 440 762 esset
457 697 522 762 iter
539 695 694 781 facturus,
716 698 825 781 palam
843 698 1096 782 pronuntiasset,

92 786 204 850 hostes
218 807 284 850 11111
298 786 477 850 credituros
492 785 637 868 aliasque
655 786 804 870 regiones
817 787 988 869 praesidiis
1007 808 1097 852 occu-

92 878 227 958 paturos
245 896 350 957 neque
370 874 576 938 dubitaturos
595 873 683 938 aliud
702 895 776 938 eum
794 873 957 938 facturum
971 896 1008 940 ac
1025 897 1098 959 pro-

91 963 284 1027 nuntiasset.
321 962 432 1046 itaque
451 983 525 1026 cum
542 962 597 1026 ille
617 960 728 1026 Sardis
751 962 873 1027 iturum
897 984 931 1027 se
954 962 1097 1047 dixisset,
1116 977 1132 1027 5

92 1049 324 1135 Tissaphernes
342 1051 478 1116 eandem
492 1048 622 1116 Cariam
640 1049 871 1115 defendendam
889 1051 1026 1134 putavit.
1063 1052 1098 1115 in

92 1160 156 1222 quo
180 1160 254 1204 cum
277 1161 351 1203 eum
373 1139 482 1222 opinio
505 1137 676 1203 fefellisset
698 1139 883 1222 victumque
906 1160 941 1203 se
963 1139 1098 1203 vidisset

92 1227 238 1312 oonsilio,
261 1248 333 1292 sero
357 1227 424 1290 suis
448 1226 609 1310 praesidio
632 1226 797 1310 profectus
821 1231 879 1291 est.
924 1249 1000 1292 nam
1024 1249 1098 1292 cum

91 1316 149 1380 illo
177 1315 333 1398 venisset,
360 1315 426 1378 iam
452 1313 626 1400 Agesilaus
655 1315 767 1378 multis
794 1316 875 1380 locis
903 1315 1097 1402 expugnatis

92 1424 212 1488 magna
235 1406 305 1466 erat
326 1403 447 1486 praeda
469 1403 604 1486 potitus.
637 1400 724 1467 Laco
745 1407 854 1468 autem
877 1425 951 1468 eum
973 1404 1098 1468 videret
1116 1420 1132 1469 1

90 1490 204 1555 hostes
219 1491 369 1574 equitatu
387 1512 549 1575 superare,
566 1512 744 1574 numquam
762 1492 797 1554 in
815 1513 929 1574 eampo
950 1493 1000 1556 sui
1019 1492 1098 1556 fecit

91 1582 292 1663 potestatem
315 1583 349 1643 et
371 1578 412 1643 iis
435 1578 516 1643 locis
540 1600 671 1643 manum
691 1580 863 1663 conseruit,
887 1580 1004 1662 quibus
1023 1579 1097 1661 plus

91 1667 257 1751 pedestres
281 1667 393 1751 copiae
415 1667 568 1731 valerent.
605 1667 731 1750 pepulit
749 1688 837 1753 ergo,
861 1667 1098 1749 quotienscum-

92 1777 154 1839 que
177 1775 370 1840 congressus
394 1758 453 1838 est,
475 1755 579 1818 multo
603 1755 742 1820 maiores
767 1754 1025 1820 adversariorum
1048 1775 1098 1819 co-

90 1844 162 1927 pias
186 1847 220 1908 et
243 1843 290 1907 sic
312 1843 347 1906 in
364 1841 446 1906 Asia
468 1845 616 1906 versatus
639 1846 699 1927 est,
721 1847 758 1907 ut
781 1843 926 1907 omnium
947 1843 1098 1927 opinione

90 1931 196 1995 victor
218 1930 396 1995 duceretur.
650 1944 663 1978 a

179 2017 243 2083 Hie
276 2040 349 2084 cum
381 2019 448 2082 iam
481 2018 589 2083 aniino
626 2019 839 2084 meditaretur
869 2018 1032 2103 proficisci
1062 2018 1138 2084 1114

90 2106 207 2172 Persas
231 2111 265 2172 et
286 2107 394 2191 ipsum
412 2128 523 2193 regem
542 2107 671 2192 adoriri,
693 2108 827 2172 nuntius
847 2108 877 2172 ei
895 2107 991 2172 domo
1007 2106 1097 2171 venit

91 2196 286 2280 ephororum
309 2197 420 2280 missu,
442 2196 567 2260 bellum
588 2195 805 2261 Athenienses
829 2199 862 2261 et
884 2195 1028 2260 Boeotos
1050 2195 1097 2257 in-

90 2284 210 2349 dixisse
233 2283 512 2349 Lacedaemoniis:
536 2306 635 2368 quare
658 2285 829 2349 venirene
853 2284 1027 2347 dubitaret
1063 2282 1131 2347 ina

90 2372 153 2436 hoc
170 2394 237 2436 non
254 2373 360 2437 minus
379 2373 448 2437 eius
466 2373 572 2456 pietas
592 2371 795 2456 suspicienda
809 2374 861 2435 est
878 2391 975 2453 quam
993 2369 1097 2434 virtus

92 2459 226 2524 bellica:
249 2461 306 2542 qui
324 2482 397 2526 cum
415 2460 532 2524 victori
555 2464 721 2544 praeesset
739 2457 895 2523 exercitui
913 2457 1098 2521 maximam·

93 2569 157 2630 que
181 2545 318 2612 haberet
340 2547 491 2612 fiduciam
514 2548 606 2632 regni
628 2547 802 2612 Persarum
823 2545 982 2629 potiundi,
1006 2547 1099 2610 tanta

93 2635 256 2700 modestia
287 2635 374 2699 dioto
407 2635 538 2700 audiens
570 2635 635 2699 fuit
662 2635 760 2700 iussis
790 2633 973 2698 absentium
999 2633 1099 2719 magi-

94 2726 272 2807 stratuum,
303 2727 341 2787 11
368 2723 396 2788 si
428 2723 574 2806 privatus
606 2723 641 2787 in
672 2722 804 2788 comitio
838 2726 924 2786 esset
951 2720 1097 2805 Spartae.

93 2811 185 2876 cuius
209 2812 392 2895 exemplum
414 2811 541 2875 utinam
567 2811 780 2895 imperatores
802 2811 908 2875 nostri
930 2810 1022 2893 sequi
1044 2831 1098 2874 vo·
1191 2843 1194 2849 ,

92 2900 245 2965 luissent!
269 2899 325 2965 sed
348 2899 426 2964 illue
444 2899 620 2963 redeamus.
656 2898 829 2986 Agesilaus
848 2897 1130 2982 opulentissimos

92 3008 193 3072 regno
208 2988 397 3073 praeposuit
411 2987 532 3052 bonam
550 2987 823 3052 existimationem
842 2986 1010 3068 multoque
1029 2985 1096 3070 glo-

92 3076 211 3141 riosius
234 3076 340 3161 duxit,
362 3076 392 3140 si
414 3075 576 3140 institutis
599 3076 724 3159 patriae
746 3075 924 3159 paruisset,
947 3095 1045 3157 quam
1068 3072 1096 3136 si

91 3163 178 3228 bello
203 3168 388 3249 superasset
410 3163 532 3228 Asiam.
568 3163 630 3228 hac
652 3164 754 3249 igitur
776 3167 884 3228 mente
906 3160 1132 3245 Hellespon-4

92 3255 164 3316 tum
192 3253 301 3336 copias
329 3252 459 3318 traiecit
486 3255 642 3335 tantaque
665 3273 743 3316 usus
767 3255 819 3316 est
841 3251 1020 3332 celeritate,
1049 3252 1095 3332 ut,

93 3341 179 3425 quod
201 3341 264 3405 iter
281 3341 403 3406 Xerxes
427 3362 512 3405 anno
535 3343 681 3405 vertente
704 3339 896 3423 confecerat,
917 3338 971 3402 1111
994 3340 1097 3414 trans-

90 3429 168 3494 ierit
196 3430 333 3516 triginta
357 3429 480 3494 diebus.
512 3450 585 3494 cum
603 3429 669 3492 iam
686 3428 774 3493 haud
791 3429 840 3492 ita
857 3428 953 3511 longe
968 3425 1098 3490 abesset
1115 3439 1133 3486 a

91 3538 111 3583 a
133 3517 371 3604 Peloponneso,
400 3518 560 3584 obsistere
588 3518 620 3583 ei
646 3517 763 3584 eonati
787 3519 872 3580 sunt
896 3511 1128 3637 Amasene&

936 3612 961 3658 a
