2460 3848
162 180 225 243 112
463 178 548 234 XXV.
567 179 731 235 ATTIOUS.
759 185 801 236 20.
821 184 864 236 21.

161 326 239 409 quin
261 323 374 389 Attico
397 323 566 407 scriberet,
593 322 670 407 quid
698 327 823 409 ageret,
850 323 998 408 inprimis
1022 324 1165 408 quidle·

161 416 252 499 geret
276 412 457 496 quibusque
480 411 514 475 in
536 411 616 476 loeis
639 415 673 476 et
692 413 847 495 quamdiu
865 417 952 478 esset
969 415 1165 496 moraturus,

126 518 142 565 a
162 502 218 567 sed
241 500 351 583 etiam,
373 520 447 564 eum
469 502 556 564 esset
573 498 608 564 in
625 500 704 564 urbe
723 504 757 565 et
774 503 908 584 propter
925 499 1070 564 infinitas
1090 521 1164 565 suas

162 588 388 673 occupationes
411 586 517 651 minus
541 608 645 671 saepe,
668 609 765 671 quam
783 589 890 673 vellet,
910 587 1023 653 Attico
1046 588 1166 652 fruere-

162 682 228 759 tur,
254 676 362 740 nullus
386 675 454 739 dies
477 678 598 741 temere
625 675 824 761 intercessit,
851 698 915 760 quo
937 697 1004 741 non
1027 677 1068 741 ad
1091 697 1166 741 eum

162 765 326 848 scriberet,
350 784 423 827 cum
445 763 542 828 modo
566 763 688 847 aliquid
711 764 750 829 de
773 763 968 848 antiquitate
992 765 1033 828 ab
1057 785 1095 829 eo
1119 786 1166 828 re

162 854 314 938 quireret,
336 851 432 915 modo
455 850 599 934 aliquam
622 852 847 935 quaestionem
864 852 1026 936 po'e'ticam
1044 853 1075 918 ei
1093 873 1166 936 pro·

161 943 313 1025 poneret,
347 939 512 1003 interdum
547 940 657 1005 iocans
694 940 762 1005 eius
795 940 997 1006 verbosiores
1035 940 1166 1006 eliceret

126 1029 328 1113 aepistulas.
365 1049 403 1091 ex
427 1048 490 1111 quo
514 1028 641 1112 accidit,
664 1049 737 1093 cum
760 1029 847 1094 aedis
866 1027 954 1094 Iovis
972 1027 1113 1094 Feretrii
1131 1029 1166 1093 in

162 1115 339 1200 Capitolio,
365 1116 406 1179 ab
430 1114 570 1179 Romulo
593 1115 785 1201 constituta,
813 1120 976 1182 vetustate
999 1120 1096 1200 atque
1119 1115 1165 1181 in·

164 1205 252 1269 curia
275 1205 402 1268 detecta
423 1203 658 1288 prolaberetur,
680 1208 718 1268 ut
736 1203 840 1270 Attici
859 1205 1027 1270 admonitu
1045 1202 1164 1269 Caesar

126 1313 234 1362 seam
260 1291 466 1357 reficiendam
494 1295 629 1356 curaret.
673 1313 776 1376 neque
803 1314 879 1358 vero
907 1315 926 1358 a
954 1291 998 1356 M.
1019 1290 1164 1357 Antonio

162 1381 268 1445 minus
292 1380 409 1445 absens
435 1380 555 1444 litteris
578 1380 754 1465 colebatur,
776 1381 856 1446 adeo
878 1385 917 1446 ut
938 1383 1086 1446 accurate
1109 1378 1165 1444 ille

163 1491 202 1532 ex
223 1468 348 1533 ultimis
371 1468 478 1553 terris,
501 1468 578 1551 quid
601 1472 721 1555 ageret,
743 1490 838 1534 curae
861 1469 925 1534 sibi
947 1470 1082 1533 haberet
1101 1488 1165 1533 cer·

128 1557 281 1621 ationem
303 1555 409 1621 facere
432 1555 589 1621 Atticum.
627 1557 690 1622 hoc
713 1558 808 1641 quale
831 1557 884 1642 sit,
906 1556 1035 1622 facilius
1057 1555 1166 1621 existi·

163 1646 267 1711 mabit
288 1644 333 1728 is,
356 1644 413 1728 qui
435 1644 576 1710 iudicare
597 1645 734 1729 poterit,
757 1649 896 1729 quantae
920 1645 965 1710 sit
987 1643 1165 1728 sapientiae

163 1755 275 1798 eorum
307 1734 445 1797 retinere
476 1754 572 1797 usum
603 1732 934 1818 benivolentiamque,
965 1732 1052 1797 inter
1083 1752 1165 1816 quos

163 1823 377 1887 maximarum
412 1842 519 1886 rerum
554 1841 621 1886 non
654 1822 760 1887 solum
796 1821 988 1906 aemulatio,
1024 1821 1079 1885 sed
1112 1820 1166 1884 ob·

163 1910 315 1975 trectatio
343 1913 436 1974 tanta
462 1908 697 1994 intercedebat,
725 1914 880 1994 quautam
906 1908 970 1974 fuit
998 1908 1164 1989 [incidere]

161 2019 292 2062 necesse
314 1998 401 2061 inter
419 1995 591 2062 Caesarem
609 2001 707 2080 atque
725 1997 913 2083 Antonium,
937 2018 1010 2063 cum
1029 2017 1063 2061 se
1081 1999 1166 2062 uter·

164 2107 226 2167 que
248 2085 427 2168 principem
448 2106 514 2149 non
533 2085 638 2148 solum
655 2085 747 2151 urbis
765 2085 898 2170 Romae,
921 2085 977 2151 sed
996 2085 1084 2149 orbis
1103 2088 1166 2148 ter-

164 2194 272 2237 rarum
295 2193 366 2237 esse
389 2176 529 2256 cuperet.

111 2262 151 2328 21
251 2259 323 2324 Tali
341 2261 436 2325 modo
456 2282 529 2326 cum
547 2263 672 2344 septem
690 2264 724 2325 et
738 2262 946 2346 septuaginta
960 2282 1062 2326 annos
1081 2280 1165 2325 com·

164 2350 285 2434 plesset
316 2352 414 2432 atque
445 2349 487 2413 ad
518 2351 695 2413 extremam
731 2352 931 2415 senectutem
961 2370 1028 2414 non
1059 2348 1165 2412 minus

164 2438 323 2524 dignitate
356 2459 453 2521 quam
485 2437 592 2522 gratia
623 2436 818 2521 fortunaque
848 2437 1004 2503 crevisset
1031 2434 1165 2522 (multas

164 2526 250 2591 enim
277 2526 475 2591 hereditates
502 2525 591 2590 nulla
618 2524 738 2591 aliare
762 2546 860 2609 quam
886 2526 1034 2590 bonitate
1058 2544 1165 2589 conse·

165 2617 259 2679 cutus
274 2611 337 2700 est)
356 2618 512 2696 tantaque
525 2613 744 2697 prosperitate
762 2634 839 2678 usus
858 2618 945 2680 esset
962 2611 1166 2695 valetudinis,

129 2719 146 2766 a
164 2705 202 2766 ut
224 2702 316 2766 annis
339 2702 476 2787 triginta
498 2701 656 2766 medicina
673 2722 740 2766 non
756 2702 959 2788 indiguisset,
981 2703 1096 2766 nactus
1115 2703 1167 2764 est

164 2791 322 2874 morbum,
345 2811 441 2873 quem
458 2789 553 2853 initio
572 2793 605 2852 et
622 2789 693 2873 ipse
711 2794 745 2854 et
758 2790 875 2854 medici
889 2791 1166 2872 contempsenmt:

164 2901 240 2943 nam
263 2881 419 2962 putarunt
442 2898 511 2942 esse
534 2881 715 2961 tenesmon,
745 2878 797 2943 cui
819 2878 960 2943 remedia
983 2877 1099 2942 celeria
1121 2875 1166 2940 fa-

130 2967 303 3050 cellisque
325 2966 596 3050 proponebantur.
632 2966 667 3029 in
688 2965 751 3031 hoc
774 2987 847 3032 cum
865 2971 932 3031 tres
951 2986 1077 3030 menses
1097 2964 1165 3029 sine

165 3055 241 3119 ullis
265 3054 440 3138 doloribus,
461 3058 689 3138 praeterquam
712 3075 794 3137 quos
817 3077 856 3119 ex
879 3054 1045 3119 curatione
1064 3053 1166 3136 eapie-

165 3145 237 3227 bat,
265 3142 531 3226 consumpsisset,
560 3142 669 3206 subito
692 3146 785 3207 tanta
807 3143 856 3207 vis
879 3142 985 3206 morbi
1007 3141 1044 3205 in
1064 3140 1166 3205 imum

165 3231 356 3298 intestinum
378 3231 541 3315 prorupit,
563 3235 601 3294 ut
623 3234 766 3295 extremo
790 3234 935 3315 tempore
956 3251 1015 3314 per
1036 3229 1166 3294 lumbos

131 3319 293 3386 sfistulae
316 3319 406 3403 puris
429 3318 601 3402 eruperint.
635 3321 732 3402 atque
750 3318 812 3383 hoc
829 3319 1019 3402 priusquam
1037 3317 1067 3382 ei
1086 3316 1166 3381 acei-

167 3408 269 3491 deret,
297 3412 471 3491 postquam
493 3407 528 3470 in
551 3407 617 3471 dies
641 3407 768 3471 dolores
793 3428 973 3473 accrescere
995 3405 1166 3489 febresque

156 3495 337 3558 accessisse
368 3495 484 3580 sensit,
514 3494 697 3582 Agrippam
728 3514 882 3580 generum
914 3495 954 3559 ad
981 3515 1015 3559 se
1048 3493 1166 3559 arcessi
