2460 3848
128 208 171 273 36
486 208 534 263 ix.
553 207 684 264 cosor.
711 215 768 265 aa

129 352 244 435 opibus
272 351 495 435 praefuturum
522 374 559 418 ac
582 374 691 416 secum
719 353 946 416 dimicaturum
968 351 1130 436 videbant,

129 462 225 523 quem
251 461 354 523 neque
381 441 517 506 consilio
543 462 647 524 neque
675 441 775 525 copiis
805 461 955 524 superare
987 444 1129 523 possent.

93 528 189 592 rhac
216 532 323 592 mente
351 549 503 614 magnam
530 528 726 593 contrahunt
748 528 897 593 classem:
924 527 1130 611 proficiscun-

123 621 183 680 tur
205 615 364 681 Pisandro
385 616 473 681 duce.
510 617 571 681 hos
594 615 707 682 Conon
730 617 814 700 apud
837 615 974 682 Gnidum
996 615 1129 681 adortus

128 725 246 789 magno
268 704 392 788 proelio
420 703 528 790 fugat,
555 705 674 768 multas
697 726 795 769 naves
819 705 919 788 capit,
946 704 1128 787 complures

129 792 289 875 deprimit.
322 814 385 876 qua
402 793 539 858 victoria
551 814 618 857 non
633 792 738 856 solum
751 792 798 857 A
783 792 908 877 thenac,
926 793 982 856 sed
1002 793 1128 893 [etiam]

128 884 244 945 cuncta
262 878 405 965 Graecia,
424 903 505 965 quae
524 882 584 945 sub
603 879 930 945 Lacedaemoniorum
947 879 1081 944 fuerat
1071 903 1130 944 im·

93 985 109 1034 5
128 969 227 1054 perio,
240 969 379 1033 hberata
392 973 451 1033 est.
476 967 589 1034 Conon
603 991 676 1033 cum
689 972 782 1052 parte
795 969 927 1033 navium
940 968 975 1032 iu
988 969 1129 1052 patriam

128 1057 229 1141 venit,
256 1079 366 1121 muros
389 1057 514 1121 dirutos
538 1078 557 1119 a
578 1055 746 1141 Lysandro
769 1060 937 1141 utrosque,
966 1060 1000 1120 et
1022 1055 1129 1121 Piraei

127 1148 161 1209 et
179 1143 391 1230 Athenarum,
413 1144 601 1209 reficiendos
625 1148 717 1210 curat
738 1145 954 1228 pecuniaeque
973 1144 1129 1227 quinqua·

128 1233 221 1318 ginta
246 1233 384 1316 talenta,
413 1254 494 1316 quae
517 1254 536 1296 a
558 1232 767 1299 Pharnabazo
795 1236 976 1317 acceperat,
1004 1232 1127 1297 civibus

130 1321 197 1384 suis
219 1320 327 1384 donat.

93 1410 114 1475 5
215 1406 344 1473 Accidit
365 1408 455 1493 huic,
482 1409 567 1493 quod
590 1410 705 1474 ceteris
728 1409 934 1493 mortalibus,
961 1412 999 1473 ut
1021 1409 1129 1474 incon·

128 1496 299 1561 sideratior
324 1497 359 1560 in
385 1497 524 1562 secunda
551 1519 648 1580 quam
669 1498 704 1561 iu
726 1496 859 1561 adversa
881 1499 967 1561 esset
989 1496 1128 1562 fortuna

126 1606 203 1648 nam
230 1585 332 1650 classe
358 1583 666 1670 Peloponnesiorum
694 1585 831 1669 devicta,
859 1606 932 1649 cum
958 1585 1065 1649 ultum
1092 1607 1127 1650 se

127 1672 261 1737 iniuriam
289 1673 414 1756 patriae
441 1676 585 1757 putaret,
610 1673 705 1758 plura
732 1672 915 1756 concupivit
942 1693 1039 1755 quam
1061 1672 1128 1736 effi·

92 1777 198 1827 acere
229 1762 347 1844 potuit.
391 1783 494 1845 neque
526 1767 635 1826 tamen
662 1783 700 1827 ea
725 1783 791 1826 non
817 1762 871 1844 pia
898 1764 931 1824 et
961 1761 1128 1844 probanda

127 1847 270 1934 fuerunt,
300 1849 386 1933 quod
407 1851 516 1933 potius
539 1850 664 1933 patriae
687 1871 764 1933 opes
788 1849 899 1934 augeri
921 1869 1018 1932 quam
1040 1849 1127 1934 regis

127 1937 252 2000 maluit.
294 1958 372 2000 nam
399 1958 472 2001 cum
499 1959 650 2022 magnam
678 1938 906 2002 auctoritatem
933 1937 996 2001 sibi
1018 1957 1129 2023 pugna

127 2023 185 2087 illa
206 2024 327 2108 navali,
355 2045 452 2106 quam
475 2024 559 2107 apud
582 2023 720 2090 Cnidum
742 2025 875 2109 fecerat,
903 2025 1128 2090 constituisset

126 2132 193 2175 non
215 2111 321 2175 solum
342 2112 428 2175 iuter
449 2112 614 2196 barbaros,
638 2112 694 2176 sed
717 2112 816 2176 etiam
839 2133 949 2177 omnes
974 2111 1126 2178 Graeciae

128 2200 289 2284 civitates,
326 2199 410 2264 clam
441 2199 516 2264 dare
548 2221 679 2283 operam
710 2200 832 2284 coepit,
868 2204 906 2264 ut
937 2200 1063 2265 Ioniam
1093 2205 1127 2266 et

93 2305 109 2354 a
127 2287 276 2353 Aeoliam
294 2288 481 2353 restitueret
493 2286 755 2353 Atheniensibus.
789 2288 822 2352 id
841 2309 914 2353 cum
932 2289 1038 2354 minus
1057 2288 1126 2353 dili·

128 2380 242 2462 genter
260 2379 346 2440 esset
365 2375 512 2460 celatum,
530 2375 707 2460 Tiribazus,
726 2377 781 2459 qui
796 2375 951 2442 Sardibus
968 2382 1126 2462 praeerat,

128 2463 293 2530 Cononem
315 2465 469 2548 evocavit,
493 2464 647 2528 simulans
666 2464 706 2528 ad
724 2486 834 2550 regem
852 2487 925 2530 eum
944 2487 977 2530 se
996 2465 1126 2529 mittere

128 2552 209 2616 velle
228 2573 346 2637 magna
365 2552 403 2616 de
421 2574 464 2617 re.
499 2553 596 2616 huius
613 2553 727 2617 nuntio
750 2575 866 2637 parens
886 2574 959 2617 cnm
977 2553 1126 2638 venisset,

127 2640 163 2704 in
193 2640 300 2704 vincla
331 2641 493 2706 coniectus
520 2644 584 2726 est,
615 2641 649 2705 in
679 2641 794 2724 quibus
827 2641 1024 2725 aliquamdiu
1054 2640 1125 2706 fuit.

92 2726 201 2793 rinde
231 2728 380 2791 nonnulli
410 2751 483 2793 eum
512 2728 552 2794 ad
579 2749 688 2814 regem
716 2729 889 2794 abductum
915 2730 1025 2813 ibique
1053 2751 1126 2794 eum

126 2815 249 2900 perisse
272 2817 429 2900 scriptum
451 2817 659 2900 reliquerunt.
700 2821 812 2882 contra
835 2840 872 2882 ea
893 2816 1003 2882 Dinon
1025 2818 1126 2883 histo-

126 2905 227 2988 ricus,
255 2904 305 2967 cui
333 2926 393 2969 nos
419 2905 594 2988 plurimum
616 2906 654 2969 de
676 2905 815 2971 Persicis
838 2907 933 2970 rebus
958 2906 1125 2989 credimus,

126 2992 277 3078 effugisse
309 2993 458 3077 scripsit:
495 2993 575 3057 illud
612 2994 798 3079 addubitat,
835 3001 943 3058 utrum
975 2993 1123 3058 Tiribazo

128 3082 249 3146 sciente
272 3102 314 3144 an
335 3081 537 3166 imprudente
561 3082 604 3146 sit
626 3082 758 3147 factum.

525 3328 730 3339 Μ
