2460 3848
422 192 442 245 l.
466 190 669 248 MILTIADES.
698 198 722 248 7.
741 199 767 248 8.
1076 193 1094 256 7

90 338 189 404 verba
207 336 285 401 fecit
298 335 401 400 frater
415 336 483 400 eius
499 334 699 421 Stesagoras.
723 359 820 402 causa
834 338 965 423 cognita
979 338 1095 421 capitis
1115 355 1131 402 s

91 426 261 492 absolutus
279 424 415 509 pecunia
434 425 592 489 multatus
607 429 666 509 est,
685 446 785 508 eaque
803 426 844 489 lis
860 427 1097 511 quinquaginta

91 514 224 579 talentis
253 513 426 578 aestimata
453 515 516 596 est,
549 516 689 595 quantus
721 513 755 576 in
783 514 920 578 classem
948 518 1096 597 sumptus

90 602 197 667 factus
217 606 295 666 erat.
327 601 411 665 hanc
425 600 595 683 pecuniam
614 601 699 684 quod
718 601 842 666 solvere
861 602 895 666 in
912 602 1097 686 praesentia

90 712 157 754 non
183 693 327 774 poterat,
359 689 394 752 in
421 688 527 753 vincla
553 689 684 773 publica
712 690 876 755 coniectus
905 694 956 755 est
987 690 1096 774 ibique

92 779 177 843 diem
201 778 285 842 obiit
308 798 501 861 supremum.

179 866 242 930 Hic
266 866 328 930 etsi
352 865 485 930 crimine
503 864 600 928 Pario
624 869 675 929 est
698 870 878 951 accusatus,
900 871 1010 930 tamen
1032 867 1097 931 alia
1116 865 1136 929 8

92 977 189 1020 causa
211 954 274 1018 fuit
297 953 524 1018 damnationis,
562 974 701 1036 namque
724 953 940 1018 Athenienses
962 958 1097 1038 propter

91 1042 258 1107 Pisistrati
281 1042 497 1126 tyrannidem,
528 1063 609 1124 quae
632 1041 744 1125 paucis
768 1041 860 1106 annis
884 1046 959 1106 ante
981 1041 1096 1126 fixerat,

90 1132 226 1196 nimiam
245 1131 364 1198 civium
383 1151 515 1194 suorum
532 1130 714 1213 potentiam
733 1130 996 1195 extimescebant.
1025 1129 1132 1194 Mil-2

91 1220 205 1303 tiades,
228 1219 367 1283 multum
390 1218 424 1281 in
445 1217 592 1301 imperiis
611 1218 921 1304 magistratibusque
939 1222 1097 1303 versatus,

91 1330 158 1372 non
184 1307 355 1371 videbatur
381 1327 477 1390 posse
505 1327 575 1370 esse
606 1307 767 1391 privatus,
798 1307 991 1391 praesertim
1023 1328 1097 1371 cum

92 1395 324 1461 consuetudine
352 1394 392 1458 ad
419 1394 547 1478 imperii
576 1394 787 1479 cupiditatem
815 1394 901 1459 trahi
925 1395 1096 1459 rideretur.

91 1506 168 1548 nam
191 1485 225 1547 in
244 1481 445 1548 Chersoneso
469 1503 580 1547 omnes
604 1482 678 1546 illos
702 1505 783 1566 quos
806 1483 972 1547 habitarat
995 1499 1131 1547 annosa

91 1576 282 1656 perpetuam
292 1571 478 1636 obtinuerat
492 1570 745 1635 dominationem
760 1575 980 1655 tyrannusque
990 1570 1097 1635 fuerat

93 1661 289 1744 appellatus,
313 1660 368 1724 sed
391 1659 505 1723 iustus.
550 1681 615 1723 non
639 1659 818 1723 eratenim
840 1660 873 1723 ri
897 1662 1098 1742 consecutus,

93 1749 149 1813 sed
168 1769 301 1812 suorum
319 1748 496 1829 voluntate,
517 1767 652 1828 eamque
669 1750 868 1829 potestatem
885 1746 1032 1810 bonitate
1051 1768 1098 1810 re·

93 1837 228 1900 tinebet.
259 1856 369 1899 omnes
389 1837 497 1897 autem
516 1838 549 1898 et
567 1833 718 1898 dicuntur
732 1837 766 1898 et
783 1833 944 1898 habentur
957 1835 1098 1918 tyranni,

94 1925 150 2007 qui
172 1927 337 2008 potestate
361 1925 437 1986 sunt
453 1925 610 2005 perpetua
628 1922 663 1986 in
681 1943 719 1985 ea
738 1922 879 2006 civitate,
903 1943 984 2005 quae
1003 1922 1097 1986 liber-

93 2016 163 2076 tate
185 2033 246 2075 usa
269 2015 327 2075 est.
360 2009 468 2074 sedin
486 2009 632 2073 Miltiade
652 2014 722 2074 erat
742 2032 815 2074 cum
838 2031 964 2074 summa
986 2009 1133 2074 humera

93 2101 179 2165 nitas
207 2105 278 2164 tum
306 2098 388 2162 mira
416 2098 645 2183 communitas,
677 2103 715 2163 ut
743 2120 838 2164 nemo
867 2103 935 2162 tam
963 2099 1096 2174 humilis

94 2193 193 2272 esset,
221 2189 273 2252 cui
299 2209 365 2252 non
388 2186 428 2251 ad
451 2208 525 2251 eum
548 2187 655 2251 aditus
678 2191 819 2272 pateret;
848 2208 966 2272 magna
989 2191 1098 2252 aucto·

93 2279 174 2341 ritas
202 2277 286 2360 apud
315 2296 426 2339 omnes
455 2275 618 2358 civitates,
649 2274 758 2339 nobile
788 2296 920 2358 nomen,
951 2275 1023 2339 laus
1050 2275 1098 2339 rei

94 2365 245 2429 militaris
261 2364 409 2428 maxima.
439 2362 518 2428 haec
531 2364 672 2447 populus
686 2363 861 2447 respiciens
876 2363 992 2426 maluit
1004 2363 1097 2426 illum

94 2454 261 2519 innoxium
284 2452 385 2536 plecti
409 2471 507 2534 quarn
530 2471 564 2515 se
587 2451 709 2515 diutius
734 2472 803 2515 esse
826 2450 861 2514 in
883 2451 1009 2514 timore.

376 2752 422 2824 Π.
451 2751 817 2825 THEMISTOCLES.

184 2889 432 2974 Themistocles,
464 2888 579 2954 Neocli
606 2890 706 2973 filius,
738 2889 956 2955 Atheniensis.
1002 2891 1134 2955 huiusl

95 2979 176 3043 vitia
194 2978 336 3042 ineuntis
356 2978 591 3042 adulescentiae
611 2979 737 3064 magnis
756 2983 833 3043 sunt
852 2977 1020 3042 emendata
1038 2978 1099 3041 rir-

96 3067 237 3150 tutibus,
265 3067 343 3130 adeo
366 3070 404 3130 ut
427 3065 627 3130 anteferatur
648 3065 725 3131 huic
747 3088 855 3150 nemo,
882 3066 977 3150 pauci
1004 3087 1098 3149 pares

96 3159 260 3238 putentur.
310 3155 366 3218 sed
394 3155 435 3218 ab
467 3154 562 3219 initio
595 3158 645 3218 est
676 3154 857 3219 ordiendus.
909 3159 1002 3238 pater
1030 3154 1135 3219 elusa

97 3241 235 3308 Neocles
259 3263 434 3328 generosus
456 3241 529 3306 fuit.
565 3242 594 3306 is
617 3264 751 3307 uxorem
769 3242 973 3307 Acarnanam
997 3241 1099 3305 civem

97 3331 197 3415 duxit,
220 3353 259 3395 ex
283 3351 346 3413 qua
363 3335 461 3395 natus
480 3336 531 3394 est
548 3329 791 3396 Themistocles.
826 3332 882 3414 qui
901 3351 974 3394 cum
992 3330 1099 3394 minus

11 3452 14 3459 ·
97 3422 184 3483 esset
205 3419 364 3502 probatus
386 3419 586 3503 parentibus,
610 3419 695 3503 quod
713 3423 747 3483 et
764 3419 904 3482 liberius
917 3419 1063 3478 1111111
1076 3421 1120 3470 ex

96 3528 166 3571 rem
188 3506 382 3574 familiarem
405 3508 624 3599 neglegebat,
647 3511 799 3593 epatre
826 3500 1061 3566 exheredasse
1081 3491 1154 3543 ess„
