2460 3848
405 175 490 233 XXV.
510 175 673 232 ATTIOUS.
701 181 780 231 6-7.
1028 175 1093 241 103

90 323 331 406 difficillimum,
359 319 520 386 efficiebat
547 324 597 405 ut,
624 321 710 385 inter
739 342 820 404 quos
849 323 959 384 tantae
987 320 1092 385 laudis

90 415 177 478 esset
205 409 392 494 aemulatio,
421 410 511 474 nulla
538 408 751 474 intercederet
774 408 970 474 obtrectatio
994 413 1092 473 esset

91 522 152 583 que
175 499 291 562 talium
313 497 457 563 virorum
480 497 603 580 copula.
855 523 858 527 ·

178 585 216 650 In
239 608 273 650 re
300 585 431 669 publica
453 584 502 649 ita
524 588 575 648 est
601 588 761 669 versatus,
790 589 828 649 ut
856 605 982 668 semper
1009 584 1132 667 opti-6

91 696 216 739 marum
234 673 377 758 partium
395 676 429 737 et
447 676 533 737 esset
546 676 580 737 et
593 673 842 757 existimaretur,
859 694 962 757 neque
981 675 1089 736 tamen

91 784 125 828 se
154 762 302 828 civilibus
333 761 487 826 fluctibus
515 761 748 845 committeret,
781 760 866 844 quod
893 781 959 824 non
985 760 1090 845 magis

91 871 146 917 eos
169 851 204 915 in
227 871 285 914 sua
306 853 471 932 potestate
494 849 702 913 existimabat
726 869 805 932 esse,
828 848 885 932 qui
907 869 942 913 se
964 848 1016 912 his
1039 848 1090 912 de·

91 939 224 1022 dissent,
247 957 342 1021 quam
362 937 417 1021 qui
436 936 609 1001 maritimis
627 900 834 1002 iactarentrir.
867 936 1007 1000 honores
1025 958 1091 1000 non
1109 954 1126 1000 a

90 1027 196 1111 petiit,
220 1047 291 1091 cum
315 1025 345 1090 ei
366 1028 517 1109 paterent
538 1029 673 1109 propter
691 1025 742 1089 vel
760 1024 902 1110 gratiam
919 1024 970 1088 vel
989 1023 1091 1109 digni·

91 1118 207 1179 tatem:
244 1113 329 1198 quod
355 1134 459 1265 neque
490 1114 559 1197 peti
586 1134 674 1179 more
702 1113 861 1177 maiorum
887 1133 991 1196 neque
1019 1111 1091 1196 capi

90 1206 224 1287 possent
253 1204 422 1266 conservat
422 1201 451 1265 is
482 1201 651 1286 legibus
641 1223 677 1266 ιιι
708 1205 776 1265 tam
807 1200 916 1266 effusis
949 1199 1091 1265 ambitus

90 1289 332 1389 largitionibus
351 1310 455 1373 neque
483 1291 550 1372 pert
576 1310 594 1352 e
622 1311 656 1353 re
688 1289 819 1373 publica
847 1289 915 1353 sine
946 1287 1090 1373 periculo

92 1377 253 1461 corruptis
272 1376 334 1442 ciri
335 1377 414 1441 tatis
434 1376 588 1442 moribus
620 1377 660 1441 ad
673 1377 803 1441 hastam
819 1376 983 1461 publicam
1000 1398 1091 1450 num·
1109 1392 1126 1440 a

93 1487 189 1560 quam
217 1464 360 1529 accessit
403 1465 525 1530 nullius
552 1465 600 1528 rei
626 1486 730 1548 neque
757 1485 850 1549 praes
877 1486 980 1548 neque
1004 1485 1091 1528 man·

92 1575 167 1637 ceps
194 1551 261 1617 fact
246 1555 299 1616 tus
327 1555 386 1617 est.
430 1553 591 1617 neminem
617 1574 721 1636 neque
749 1573 807 1616 suo
834 1552 964 1617 nomine
986 1573 1090 1635 neque

92 1641 297 1706 subscribens
321 1640 524 1724 accusarits
514 1661 549 1704 ιιι
570 1640 621 1705 ius
645 1639 683 1705 de
707 1661 766 1704 sua
787 1661 822 1704 re
844 1661 1020 1723 numquam
1041 1639 1091 1722 iit,

91 1729 246 1794 iudicium
271 1729 397 1792 nullum
427 1728 552 1793 habuit.
591 1720 681 1792 mult
666 1731 774 1792 torum
802 1728 971 1793 consulum
1001 1741 1128 1827 prae-4

92 1821 263 1918 torumque
281 1814 499 1917 praefecturas
518 1815 687 1880 delatas
662 1837 708 1880 sic
722 1816 855 1901 accepit,
873 1818 911 1880 ut
929 1814 1091 1879 neminem

91 1905 138 2057 {a
152 1902 1092 2076 {statutt{llllnllllzdtttsnllltl

93 2080 221 2165 quidem
248 2079 402 2147 Cicerone
429 2080 569 2145 voluerit
599 2079 646 2144 ire
678 2080 713 2144 in
738 2077 870 2164 Asiam,
902 2101 975 2144 cum
1006 2078 1091 2162 apud

92 2191 165 2233 eum
187 2169 289 2255 legati
311 2169 418 2232 locum
442 2168 587 2233 obtinere
617 2172 737 2252 posset
782 2190 848 2233 non
870 2167 957 2233 enim
979 2167 1090 2231 decere

92 2278 126 2322 se
145 2257 373 2341 arbitrabatur,
396 2278 469 2321 cum
487 2261 672 2341 praeturam
691 2276 801 2341 gerere
819 2255 987 2338 noluisset,
1007 2275 1091 2318 asse-

92 2345 176 2408 clam
203 2365 272 2409 esse
300 2346 469 2428 praetoris.
515 2366 578 2427 qua
604 2345 639 2408 in
665 2365 699 2407 re
721 2364 787 2408 non
810 2343 914 2407 solum
938 2342 1127 2427 dignitatio

93 2431 266 2516 serviebat,
298 2431 354 2495 sed
383 2432 482 2495 etiam
512 2431 757 2515 tranquillitati,
788 2451 861 2494 cum
892 2429 1090 2512 suspiciones

93 2540 220 2602 quoque
246 2519 365 2582 vitaret
393 2519 572 2583 criminum
617 2539 680 2602 quo
707 2518 808 2582 fiebat
832 2521 871 2581 ut
893 2517 961 2581 eius
985 2517 1092 2582 obser·

92 2607 203 2671 vantia
230 2606 378 2671 omnibus
405 2609 493 2671 esset
519 2605 637 2690 carior,
669 2626 741 2669 cum
774 2626 845 2669 eam
874 2604 995 2689 officio,
1025 2627 1091 2670 non

92 2695 204 2759 timori
226 2715 329 2776 neque
354 2693 422 2778 spei
445 2693 547 2758 tribui
568 2694 721 2759 viderent.

179 2781 299 2847 Incidit
321 2779 549 2847 Caesarianum
573 2781 666 2846 civile
689 2780 819 2845 bellum.
860 2802 933 2845 cum
955 2781 1130 2845 haberet?

93 2891 193 2935 annos
221 2869 350 2934 circiter
378 2869 558 2956 sexaginta,
589 2890 667 2934 usus
697 2873 748 2933 est
779 2869 895 2933 aetatis
923 2868 1091 2933 vacatione

92 2979 196 3040 neque
219 2979 253 3022 se
277 2979 438 3041 quoquam
461 2958 563 3022 movit
585 2979 625 3021 ex
646 2957 734 3021 urbe.
780 2979 861 3040 quae
889 2955 1000 3020 amicis
1024 2956 1091 3020 suis

94 3067 174 3130 opus
197 3045 326 3110 fuerant
348 3045 388 3109 ad
405 3045 595 3146 Pompeium
613 3045 902 3129 proficiscentibus,
926 3043 1035 3108 omnia
1052 3064 1092 3107 ex

93 3153 152 3197 sua
173 3155 208 3199 re
230 3133 383 3197 familiari
406 3133 550 3217 dedit,
540 3154 648 3216 ipsum
670 3132 861 3217 Pompeium
884 3132 1091 3197 coniunctum

92 3242 158 3285 non
181 3221 321 3286 offendit.
356 3222 482 3286 nullum
505 3222 546 3285 ab
569 3242 607 3285 eo
629 3222 772 3285 habebat
795 3224 1032 3303 ornamentum,
1054 3224 1128 3284 uta

93 3310 200 3393 ceteri,
224 3309 279 3392 qui
301 3329 359 3394 per
377 3331 450 3374 eum
469 3313 526 3373 aut
543 3309 681 3374 honores
701 3312 758 3373 aut
776 3308 906 3373 divitias
925 3312 1092 3392 ceperant:

93 3417 230 3479 quorum
252 3398 372 3481 partim
394 3396 582 3461 invitissimi
605 3400 712 3461 castra
735 3400 810 3461 sunt
834 3395 948 3479 secuti,
971 3394 1091 3478 partim

93 3505 219 3549 summa
233 3506 306 3550 curn
320 3485 388 3549 eius
403 3484 578 3549 offensione
597 3485 684 3550 domi
702 3488 940 3549 remanserunt„
962 3482 1143 3545 Quassus
