2460 3848
140 223 162 281 4
469 219 490 272 Ι.
513 217 715 275 MILTIADES.
742 225 767 273 3.
787 225 812 274 4.

140 364 174 428 iu
201 363 263 428 hoc
289 362 354 427 fuit
380 367 451 426 tum
477 384 611 428 numero
634 362 797 428 Miltiades
823 363 888 444 [oui
914 363 972 428 illa
995 363 1141 428 custodia

106 467 122 514 a
142 451 346 532 crederetur}
377 451 440 535 hic,
463 472 536 515 cum
555 451 659 516 crebri
677 451 829 516 afferrent
845 452 952 516 nuntii
970 451 1053 516 male
1071 473 1141 515 rem

141 560 251 624 gerere
265 538 401 603 Darium
418 539 584 622 premique
604 561 623 604 a
637 538 777 624 Scythis,
794 539 944 605 hortatus
963 543 1014 604 est
1030 539 1139 623 pontis

141 627 303 712 custodes,
330 649 370 691 ne
393 649 413 690 a
434 626 565 692 fortuna
592 628 702 692 datam
730 628 931 693 occasionem
957 627 1140 692 liberandae

106 714 296 780 rGraeciae
324 715 534 780 dimitterent.
578 737 655 780 nam
682 716 710 780 si
738 737 811 780 cum
841 716 882 780 iis
912 716 1029 800 copiis,
1061 737 1140 799 quas

141 824 250 868 secum
264 807 512 888 transportaret,
525 803 691 868 interisset
704 802 833 889 Darius,
845 825 911 868 non
925 803 1030 869 solum
1039 803 1141 869 Euro-

139 913 216 976 pam
238 890 307 956 fore
330 895 446 976 tutam,
468 891 523 956 sed
547 892 646 955 etiam
664 912 729 974 eos,
752 892 808 975 qui
826 890 940 956 Asiam
963 892 1141 975 incolerent

141 979 257 1044 Graeci
275 1000 400 1065 genere,
417 980 538 1044 liberos
553 1001 572 1043 a
586 978 758 1044 Persarum
775 978 903 1044 futuros
922 979 1140 1045 dominatione

141 1072 174 1133 et
195 1068 347 1153 periculo.
378 1068 412 1132 id
429 1067 524 1131 facile
543 1065 627 1132 effici
648 1088 758 1151 posse:
780 1072 879 1151 ponte
898 1068 984 1132 enim
1002 1067 1139 1132 rescisso

140 1176 251 1241 regem
274 1156 324 1221 vel
346 1155 491 1220 hostium
512 1154 598 1219 ferro
622 1155 672 1219 vel
694 1155 804 1240 inopia
825 1156 936 1240 paucis
959 1155 1071 1220 diebus
1094 1155 1140 1219 in-

107 1257 121 1307 t
141 1244 323 1309 teriturum.
356 1243 476 1309 adhoc
495 1242 664 1307 consilium
688 1264 760 1308 oum
782 1244 927 1328 plerique
946 1243 1140 1328 accederent,

140 1332 313 1397 Hestiaeus
332 1330 487 1415 Milesius,
505 1351 545 1394 ne
563 1351 614 1394 res
634 1331 853 1417 conficeretur,
872 1332 1011 1417 obstitit,
1031 1332 1139 1396 dicens

140 1442 207 1486 non
228 1421 313 1485 idem
336 1419 430 1503 ipsis,
460 1418 515 1502 qui
538 1439 679 1482 summas
706 1419 834 1503 imperii
857 1424 1022 1506 tenerent,
1049 1441 1140 1504 expa-

141 1509 209 1574 dire
237 1513 271 1573 et
296 1505 511 1590 multitudini,
539 1506 625 1590 quod
647 1505 740 1570 Darii
766 1527 866 1592 regno
893 1508 1038 1591 ipsorum
1060 1508 1141 1572 nite

141 1601 231 1661 retur
244 1595 435 1661 dominatio:
454 1615 517 1678 quo
533 1595 692 1660 exstincto
711 1595 800 1678 ipsos
813 1598 976 1679 potestate
990 1597 1140 1680 expulsos

142 1685 265 1750 ciuibus
284 1683 350 1748 suis
372 1703 492 1766 poenas
516 1683 657 1748 daturos.
689 1683 799 1766 itaque
818 1683 896 1747 adeo
915 1705 949 1747 se
968 1683 1140 1749 abhorrere

142 1795 161 1837 a
180 1777 360 1838 ceterorum
379 1771 523 1854 consilio,
545 1775 583 1835 ut
600 1771 682 1836 nihil
700 1774 795 1855 putet
812 1771 892 1855 ipsis
910 1772 1024 1836 utilius
1043 1793 1141 1855 quam

107 1875 123 1924 6
143 1859 326 1927 confirmari
349 1879 485 1944 regnum
507 1858 689 1925 Persarum.
731 1859 827 1924 huius
851 1881 924 1924 cum
947 1860 1141 1925 sententiam

140 1948 273 2033 plurimi
304 1950 412 2010 essent
443 1947 563 2029 secuti,
594 1947 757 2012 Miltiades
789 1969 855 2012 non
890 1949 1041 2013 dubitans
1073 1953 1140 2014 tam

141 2036 253 2100 multis
277 2035 413 2100 consciis
432 2034 474 2098 ad
491 2035 577 2118 regis
596 2056 689 2099 aures
709 2034 844 2099 consilia
862 2056 922 2099 sua
938 2040 1141 2119 perventura,

141 2123 378 2190 Chersonesum
404 2122 536 2205 reliquit
563 2143 600 2187 ac
627 2143 738 2186 rursus
766 2120 911 2186 Athenas
939 2123 1140 2208 demigravit.

142 2212 232 2277 cuius
260 2210 344 2275 ratio
372 2210 435 2275 etei
461 2230 527 2274 non
553 2210 668 2295 valuit,
698 2213 808 2274 tamen
830 2230 948 2295 magno
972 2232 1067 2295 opere
1091 2216 1142 2276 est

140 2300 314 2383 laudanda,
340 2320 413 2363 cum
440 2297 573 2362 amicior
601 2299 745 2363 omnium
771 2298 918 2362 libertati
945 2319 1042 2382 quam
1065 2321 1140 2364 suae

141 2388 241 2453 fuerit
264 2386 484 2452 dominationi.

102 2477 124 2540 4
229 2475 348 2540 Darius
372 2479 489 2558 autem,
512 2495 585 2539 curn
604 2495 643 2538 ex
659 2473 791 2559 Europa
811 2475 846 2539 in
864 2474 977 2539 Asiam
996 2476 1141 2560 redisset,

141 2564 349 2629 hortantibus
377 2563 503 2646 amicis,
534 2566 572 2626 ut
599 2559 769 2627 Graeciam
798 2563 958 2649 redigeret
988 2563 1023 2628 in
1050 2585 1140 2629 suam

141 2656 348 2736 potestatem,
372 2651 507 2716 classem
526 2650 775 2735 quingentarum
792 2651 923 2716 navium
942 2653 1142 2736 comparavit

142 2741 234 2824 eique
256 2739 370 2803 Datim
390 2738 546 2823 praefecit
568 2742 602 2802 et
619 2737 857 2822 Artaphernem
878 2740 982 2824 iisque
1005 2742 1142 2806 ducenta

141 2829 300 2913 peditum,
330 2828 439 2892 decem
467 2826 612 2911 equitum
639 2827 730 2891 milia
756 2828 857 2913 dedit,
889 2850 1018 2894 causam
1044 2830 1142 2893 inter·

143 2938 252 2981 serens
285 2937 319 2980 se
349 2915 478 2980 hostem
512 2936 581 2980 esse
613 2914 879 3000 Atheniensibus,
912 2916 996 3000 quod
1031 2937 1142 2981 eorum

143 3005 263 3070 auxilio
292 3003 386 3069 Iones
418 3002 528 3068 Sardis
560 3008 798 3088 expugnassent
830 3026 951 3088 suaque
982 3004 1141 3087 praesidia

108 3093 389 3158 ainterfeoissent.
425 3091 475 3155 illi
500 3091 656 3175 praefecti
683 3093 765 3178 regii
788 3093 889 3157 classe
913 3093 953 3156 ad
975 3091 1141 3158 Euboeam

144 3182 280 3265 appulsa
312 3180 459 3244 celeriter
488 3177 651 3244 Eretriam
682 3184 836 3264 oeperunt
868 3201 1042 3263 omnesque
1074 3182 1142 3246 eius

143 3269 249 3355 gentis
278 3268 363 3333 cives
391 3267 542 3351 abreptos
569 3267 604 3331 in
630 3266 745 3332 Asiam
772 3268 812 3331 ad
839 3289 948 3353 regem
976 3268 1142 3333 miserunt.

57 3407 60 3411 .
142 3357 216 3420 inde
244 3356 285 3420 ad
306 3355 452 3420 Atticam
480 3359 684 3420 accesserunt
711 3377 748 3420 ac
773 3376 847 3420 suas
871 3357 980 3439 copias
1003 3357 1037 3421 in
1060 3379 1143 3423 cam·

139 3466 221 3526 pum
243 3443 437 3509 Marathona
465 3444 672 3507 deduxerrmt.
712 3443 740 3507 is
764 3445 857 3507 abest
880 3444 919 3508 ab
944 3445 1062 3528 oppido
1085 3446 1143 3510 cir·

87 3541 111 3584 e
127 3530 216 3588 citer
233 3531 329 3594 milia
347 3553 510 3615 passuum
535 3531 655 3598 decem·
686 3531 748 3597 hoo
766 3532 912 3598 tumultu
929 3532 1143 3600 Athenienses
