2460 3848
137 183 181 248 60
411 181 471 239 XV.
490 180 763 238 EPAMINONDAS.
792 188 817 237 7.
837 188 862 236 8.
932 242 935 248 ,

102 328 121 392 7
224 327 339 392 Fuisse
371 327 551 413 patientem
583 348 779 410 suorumque
816 324 952 391 iniurias
984 325 1146 392 ferentem

138 416 265 500 civium,
288 415 375 500 quod
397 437 432 481 se
452 415 577 500 patriae
596 415 694 480 irasci
709 414 800 479 nefas
815 436 885 479 esse
904 415 1046 499 duceret,
1063 415 1148 480 haec

138 509 214 569 sunt
232 503 430 568 testimonia
468 525 542 568 cum
560 524 634 567 eum
656 507 791 587 propter
812 502 969 567 invidiam
989 503 1074 568 11111
1093 503 1146 568 sui

136 594 311 676 praeficere
339 591 494 657 exercitui
519 591 701 657 noluissent
728 591 856 674 duxque
883 594 971 657 esset
1000 592 1148 657 delectus

137 681 216 744 belli
238 681 423 764 imperitus,
447 680 537 745 cuius
561 700 669 744 errore
691 699 740 744 res
762 700 800 744 eo
824 682 911 743 esset
933 679 1085 765 deducta,
1107 683 1149 745 ut

139 790 249 833 omnes
282 768 321 833 de
351 768 455 832 salute
486 768 766 852 pertimescerent,
798 767 884 850 quod
915 767 1062 832 locorum
1092 790 1147 833 an·

137 857 255 943 gustiis
288 857 390 922 clausi
421 857 462 920 ab
499 855 650 920 hostibus
682 818 932 939 obsidebantur,
969 855 1148 921 desiderari

138 949 253 1029 coepta
276 948 327 1009 est
344 944 589 1045 Epaminondae
612 943 795 1029 diligentia·
818 942 995 1008 eratenim
1017 944 1064 1008 ibi
1082 944 1150 1029 pri·

100 1049 118 1098 2
138 1037 232 1097 vatus
255 1054 390 1098 numero
409 1032 505 1097 milit
496 1053 534 1097 rs.
566 1053 666 1115 aquo
686 1053 759 1096 cum
782 1035 932 1115 peterent
951 1053 1055 1116 opem,
1076 1032 1149 1097 nul-

138 1121 204 1184 lam
228 1121 377 1186 adhibuit
400 1121 590 1185 memoriam
609 1119 824 1185 contumeliae
843 1123 876 1184 11
894 1120 1072 1184 exercitum
1090 1121 1147 1184 ob

102 1224 119 1272 3
139 1209 262 1273 sidione
280 1210 456 1274 liberatum
469 1209 601 1273 domurn
619 1208 747 1273 reduxit
765 1208 969 1272 incolumem.
995 1229 1150 1273 necuere

137 1295 200 1361 hoc
230 1298 330 1361 1111111
359 1296 451 1382 fecit,
483 1297 540 1361 sed
576 1296 713 1380 saepius.
769 1295 908 1360 maxime
940 1300 1050 1360 autem
1081 1294 1148 1361 11111

138 1384 230 1448 illust
216 1388 274 1469 tre,
298 1407 372 1450 cum
390 1385 424 1450 in
442 1348 702 1469 Peloponnesum
725 1385 902 1450 exercitum
925 1384 1070 1449 duxisset
1093 1385 1149 1449 ad·

138 1493 250 1537 versus
272 1472 544 1538 Lacedaemonios
567 1473 766 1574 haberetque
790 1473 932 1558 collegas
956 1472 1046 1556 duos,
1070 1494 1148 1556 quo-

137 1582 211 1624 rurn
234 1561 281 1625 alt
267 1566 318 1625 ter
340 1565 412 1626 erat
434 1560 620 1645 Pelopidas,
646 1561 697 1626 vir
724 1559 821 1625 fortis
844 1581 881 1625 ac
905 1523 1067 1625 1111111111
1112 1561 1148 1626 hi

139 1669 212 1713 cum
235 1649 426 1715 criminibus
450 1649 708 1715 adversariorum
731 1670 843 1713 omnes
865 1649 900 1712 in
922 1648 1078 1714 invidiam
1097 1671 1149 1714 re

138 1737 264 1802 nissent
288 1739 329 1802 ob
353 1760 488 1822 eamque
511 1759 580 1803 rem
598 1737 771 1822 imperium
789 1737 830 1802 iis
845 1739 932 1801 esset
950 1737 1149 1822 abrogatum

140 1829 238 1908 atque
270 1826 305 1890 in
337 1847 448 1890 eorum
479 1827 588 1891 locum
620 1825 676 1890 alii
707 1829 874 1910 praetores
907 1825 1149 1911 successissent,

102 1912 382 1997 tEpaminondas
405 1914 519 1998 populi
542 1914 625 1979 scito
647 1935 715 1978 non
736 1913 848 1997 paruit
869 1912 1018 1996 idemque
1041 1917 1080 1978 ut
1102 1913 1149 1978 fa

140 2006 250 2065 cerent
272 2003 434 2084 persuasit
457 2002 591 2087 collegis
615 2004 649 2065 et
670 2001 806 2085 bellum,
836 2001 923 2084 quod
950 2006 1148 2086 susceperat,

140 2089 250 2174 gessit.
285 2110 424 2172 namque
443 2088 731 2172 animadvertebat,
747 2089 811 2152 nisi
830 2088 863 2152 id
881 2088 1021 2175 fecisset,
1040 2094 1149 2154 totum

140 2177 317 2240 exereitum
339 2180 473 2260 propter
495 2180 682 2260 praetorum
700 2176 953 2260 imprudentiam
970 2177 1148 2244 inscitiam-

104 2279 202 2347 5que
234 2264 313 2328 belli
343 2265 533 2348 periturum.
578 2265 631 2329 lex
663 2269 733 2328 erat
761 2264 895 2349 Thebis,
928 2288 1009 2350 quae
1040 2269 1147 2330 morte

140 2352 316 2437 multabat,
339 2352 368 2417 si
391 2353 463 2436 quis
487 2353 660 2436 imperium
683 2352 805 2417 diutius
828 2353 1026 2439 retinuisset,
1049 2376 1149 2438 quam

139 2441 211 2527 lege
242 2441 451 2525 praefinitum
477 2440 572 2506 foret.
616 2441 699 2506 hanc
726 2440 969 2525 Epaminondas
998 2464 1072 2509 eum
1100 2444 1149 2507 rei

139 2528 288 2630 publicae
312 2530 549 2594 conservandae
572 2551 670 2594 causa
691 2529 794 2594 latam
817 2530 957 2615 videret,
980 2531 1021 2594 ad
1043 2531 1150 2615 perni-

141 2617 223 2681 ciem
245 2617 393 2682 civitatis
421 2617 561 2683 conferri
592 2617 699 2682 noluit
730 2621 764 2682 et
794 2622 950 2702 quattuor
982 2619 1148 2684 mensibus

141 2703 271 2787 diutius,
296 2727 394 2788 quam
415 2706 555 2790 populus
578 2706 728 2790 iusserat,
750 2707 886 2792 gessit
878 2707 1060 2791 rmperium.

105 2792 126 2857 8
229 2790 309 2857 Post
295 2797 409 2876 tquam
432 2793 564 2859 domum
586 2757 729 2859 rediturii
752 2799 811 2878 111,
834 2795 1024 2880 collegae
997 2817 1066 2860 erus
1086 2795 1149 2861 hoc

141 2880 275 2945 crimine
294 2881 539 2946 accusabantur
571 2883 689 2965 quibus
709 2882 765 2947 ille
786 2882 945 2966 permisit,
967 2887 1006 2946 ut
1020 2905 1149 2948 omnem

141 2989 272 3034 causam
295 2969 330 3033 in
352 2990 386 3033 se
410 2969 625 3035 transferrent
649 2991 771 3053 suaque
800 2992 898 3055 opera
924 2969 992 3035 fact
978 2973 1049 3035 tum
1076 2993 1150 3037 eon·

140 3056 319 3141 tenderent,
341 3060 380 3122 ut
397 3058 463 3144 legi
480 3079 548 3123 non
566 3058 764 3122 oboedirent
801 3080 865 3142 qua
879 3057 1064 3124 defensioue
1082 3060 1149 3124 illis

140 3145 284 3228 periculo
317 3145 465 3210 liberatis
497 3167 593 3211 nemo
627 3145 887 3230 Epaminondam
918 3169 1151 3231 responsurum

104 3237 200 3316 aput
186 3233 293 3317 t,abat
317 3233 402 3317 quod
430 3234 508 3317 quid
536 3235 657 3299 diceret
688 3256 754 3299 non
781 3235 925 3299 haberet.
970 3239 1006 3301 at
1032 3237 1088 3300 ille
1116 3237 1152 3302 in

140 3283 296 3386 iudiciuni
319 3321 421 3405 venit,
452 3321 535 3386 nihil
563 3344 674 3387 eorum
696 3322 841 3409 negavit,
869 3344 951 3406 quae
975 3324 1152 3390 adversarii

142 3409 270 3473 crimini
293 3409 424 3493 dabant,
448 3410 629 3494 omniaque,
647 3431 730 3493 quae
744 3411 888 3496 collegae
902 3412 1059 3497 dixerant,
1078 3434 1153 3478 con·

134 3493 246 3560 fessus
276 3501 328 3560 est
357 3519 464 3582 neque
497 3498 659 3563 recusavit
692 3500 864 3583 quominus
897 3501 981 3586 legis
1012 3522 1154 3584 poenam
