2460 3848
362 213 435 268 xm.
454 213 675 271 Tmorflnus
704 221 729 271 a.
748 221 773 270 a.
1028 214 1070 278 47

69 379 131 442 que
145 358 220 423 dein
233 358 379 422 adiunxit
388 357 552 443 Epirotas,
562 357 773 443 Athamanas,
788 358 936 425 Chaonas
949 381 1072 425 omnes·

69 468 130 531 que
155 469 209 512 eas
233 451 361 532 gentes,
384 468 466 530 quae
489 469 578 513 mare
600 447 681 512 illud
705 448 860 513 adiacent.
897 470 960 531 quo
983 447 1107 514 factos

68 534 315 600 Lacedaemonii
346 535 385 598 de
416 535 543 600 diutina
574 536 781 602 contentione
813 537 1009 602 destiterimt
1038 541 1072 601 at

69 645 128 688 sua
143 627 258 706 sponte
272 623 527 689 Atheniensibus
540 624 669 708 imperii
683 625 840 689 maritimi
853 625 1071 709 principatum

69 714 310 796 concesserim,
336 733 511 796 pacemque
539 712 580 777 iis
604 713 731 798 legibus
755 714 1007 796 constituerunt,
1034 716 1072 777 ut

68 799 285 865 Athenienses
309 800 390 863 mari
413 800 509 865 duces
533 806 649 866 essent.
695 822 777 884 quae
800 802 937 867 victoria
959 804 1070 866 tantae
1101 804 1106 811 '

68 887 132 952 fult
145 887 266 953 Atticis
285 888 439 972 laetitiae,
457 892 495 954 ut
513 893 584 954 tum
602 889 743 973 primum
761 911 835 955 arae
849 889 927 954 Paci
942 890 1070 974 publice

68 977 135 1042 sint
157 976 262 1041 factae
285 976 378 1060 eique
401 976 478 1041 deae
500 978 650 1061 pulvinar
672 979 716 1042 sit
738 977 934 1042 institutum.
980 978 1104 1042 cuiusa

67 1064 172 1130 laudis
190 1069 229 1129 ut
247 1065 403 1130 memoria
421 1069 574 1150 maneret,
592 1065 763 1131 Timotheo
781 1067 910 1150 publice
927 1070 1070 1130 statuam

67 1152 191 1219 infero
210 1156 396 1237 posuenmt.
432 1153 487 1236 qui
505 1153 609 1218 honos
627 1155 703 1219 huic
721 1155 777 1218 uni
796 1160 871 1219 ante
890 1154 923 1218 id
941 1157 1069 1238 tempus

68 1243 221 1327 contigit,
253 1245 304 1325 ut,
336 1262 410 1306 eum
435 1242 523 1325 patri
557 1242 695 1326 populus
724 1246 867 1307 statuam
898 1243 1070 1327 posuisset,

67 1330 135 1395 filio
160 1351 287 1413 quoque
310 1329 410 1394 daret.
454 1330 501 1394 sic
523 1329 614 1394 iuxta
637 1332 746 1415 posita
769 1352 879 1398 recens
902 1331 962 1395 filii
985 1333 1070 1397 vete·

67 1440 136 1482 rem
158 1418 262 1501 patris
285 1417 453 1482 renovarit
475 1419 672 1485 memoriam.
792 1473 793 1476 ,

154 1505 219 1571 Hic
241 1528 314 1570 cum
337 1510 423 1571 esset
440 1527 559 1592 magno
577 1512 658 1571 natu
675 1512 709 1572 εὴ
727 1509 939 1594 magistratus
958 1528 1069 1593 gerere
1088 1507 1109 1573 3

67 1594 213 1679 desisset,
235 1594 321 1659 bello
340 1593 555 1659 Athenienses
575 1595 715 1678 undique
732 1597 836 1680 premi
859 1600 935 1661 sunt
954 1596 1069 1679 coepti.

67 1682 228 1748 defecerat
243 1681 368 1766 Samus,
386 1682 543 1747 descierat
556 1681 798 1768 Hellespontus,
816 1683 988 1767 Philippus
1003 1683 1069 1746 iam

67 1774 138 1836 tum
165 1772 275 1836 valens
303 1770 407 1833 multa
435 1771 643 1834 moliebatur:
670 1772 722 1835 cui
749 1772 918 1856 oppositus
947 1769 1068 1836 Chares

68 1882 141 1925 cum
168 1863 267 1942 esset,
296 1879 361 1922 non
389 1858 468 1922 satis
496 1858 594 1923 in‘eo
621 1859 774 1942 praesidii
800 1860 985 1943 putabatur.
1030 1859 1103 1924 fita

66 1947 274 2012 Menestheus
297 1949 437 2030 praetor,
459 1946 549 2010 filius·
568 1946 751 2031 Iphicratis,
776 1969 875 2033 gener
897 1947 1069 2031 Timothei,

66 2039 100 2101 et
117 2039 156 2100 ut
175 2035 214 2099 ad
236 2034 357 2098 bellum
379 2034 604 2118 proficiscatur
626 2035 816 2101 decernitur.
849 2036 925 2100 huic
943 2037 978 2100 in
996 2057 1069 2100 con·

67 2125 175 2189 silium
202 2124 320 2188 dantur
345 2123 408 2188 oc'rc‘
434 2122 496 2187 duo
525 2145 587 2188 usu
615 2125 836 2208 sapientiaque
864 2129 1068 2210 praestantes

68 2215 218 2296 [quorum
242 2211 377 2276 consilio
405 2214 578 2296 uteretur],
606 2216 701 2296 pater
727 2218 761 2278 et
789 2235 893 2298 socer,
921 2214 1007 2297 quod
1033 2213 1069 2277 in

65 2302 116 2366 his
144 2304 238 2365 tanta
265 2303 335 2365 erat
363 2301 553 2384 auctoritas,
585 2304 623 2364 ut
649 2322 768 2387 magna
795 2323 868 2384 spes
897 2305 983 2366 esset
1010 2323 1068 2384 per

66 2411 121 2454 eos
144 2390 263 2453 amissa
284 2410 380 2473 posse
403 2388 593 2471 recuperari.
629 2389 654 2453 ii
677 2411 750 2453 cum
774 2388 907 2453 Samum
929 2387 1068 2472 profecti
1085 2405 1110 2453 3>

66 2480 175 2543 essent
197 2481 231 2541 εὴ
253 2476 366 2540 eodem
384 2474 505 2541 Chares
528 2477 659 2541 illorum
682 2478 822 2541 adventu
841 2477 972 2562 cognito
994 2497 1067 2541 cum

66 2566 133 2631 suis
157 2564 258 2648 copiis
281 2564 547 2648 proficisceretur,
569 2586 609 2628 ne
634 2565 711 2648 quid
733 2566 866 2629 absente
886 2585 919 2628 se
938 2569 1067 2650 gestum

64 2655 239 2736 videretur,
269 2652 398 2735 accidit,
429 2674 502 2717 cum
529 2653 568 2715 ad
595 2653 735 2717 insulam
762 2652 1067 2737 appropinquarent,

64 2747 102 2808 ut
125 2763 243 2826 magna
266 2743 442 2822 tempestas
466 2744 625 2804 oraretur:
657 2763 754 2824 quam
782 2741 902 2805 evitare
930 2741 992 2806 duo
1016 2764 1066 2807 ve·

64 2836 149 2896 teres
181 2831 393 2913 imperatores
423 2828 503 2892 utile
534 2829 684 2892 arbitrati
711 2851 803 2894 suam
831 2830 966 2894 classem
994 2851 1065 2912 sup·

64 2921 260 3004 presserunt.
301 2919 336 2980 at
358 2916 414 2980 ille
436 2916 609 2980 temeraria
630 2938 708 2981 usus
730 2917 856 2982 ratione
878 2938 945 2982 nen
968 2918 1065 2982 cessit
1084 2934 1100 2982 4

64 3007 224 3072 maiorum
250 3009 331 3071 natu
357 3005 559 3089 auctoritati,
590 3005 679 3069 velut
707 3005 743 3069 in
770 3027 827 3070 sua
854 3028 952 3070 manu
979 3010 1066 3069 esset

63 3095 203 3160 fortuna.
248 3117 310 3178 quo
335 3093 557 3177 contenderat,
579 3093 739 3178 pervenit,
761 3094 935 3178 eodemque
958 3097 996 3158 ut
1014 3115 1065 3158 se·

65 3186 247 3268 querentur,
266 3184 305 3247 ad
319 3182 527 3246 Timotheum
545 3184 578 3245 et
595 3179 781 3265 Iphicraten
797 3183 948 3247 nuntium
966 3182 1065 3246 misit.

63 3272 139 3335 hinc
162 3272 244 3335 male
267 3293 302 3335 re
329 3274 435 3356 gesta,
463 3270 682 3354 compluribus
707 3271 834 3336 amissis
857 3272 994 3335 navibus
1017 3292 1064 3354 eo,

62 3359 146 3424 unde
174 3362 243 3422 erat
269 3359 448 3443 profectus,
478 3380 512 3423 se
544 3359 665 3442 recepit
697 3358 889 3442 litterasque
916 3358 1063 3423 Athenas

61 3448 189 3534 publice
213 3447 312 3532 misit,
335 3447 398 3512 sibi
419 3447 561 3531 proclive
584 3446 685 3511 fuisse
704 3445 841 3512 Samum
861 3447 1081 3526 caparam&

61 3560 82 3603 a
98 3535 269 3602 Timotheo
287 3539 321 3600 et
337 3535 505 3622 Iphicrate
523 3536 677 3605 desertus
701 3539 806 3602 esset.
837 3531 994 3616 papatus
1014 3533 1146 3591 asama
