2460 3848
369 177 428 236 xv.
447 178 723 248 arxuxuouma
747 186 771 235 a.
791 187 815 236 e.
1056 182 1099 245 59

90 323 184 388 citati
208 345 278 388 esse
301 325 428 389 debent.
463 346 561 407 quare
585 324 613 388 si
635 325 798 408 principes
822 323 977 391 Graeciae
1000 327 1099 392 vultis

89 433 171 496 esse,
195 412 312 476 eastris
336 416 386 477 est
408 413 501 476 vobis
524 413 689 497 utendum,
711 434 778 477 non
795 414 979 496 palaestra?
1013 415 1100 479 idem
1119 429 1136 478 5

90 501 147 565 ille
170 498 365 565 Meneclides
389 522 462 565 cum
484 501 560 565 huic
590 501 746 586 obiceret,
778 502 863 584 quod
890 503 1011 567 liberos
1034 524 1101 567 non

91 589 228 652 haberet
249 610 353 672 neque
380 610 514 654 uxorem
541 589 700 674 duxisset,
731 589 934 674 maximeque
963 590 1101 654 insolen-

91 678 183 759 tiam,
206 677 292 758 quod
315 677 378 740 sibi
397 676 651 763 Agamemnonis
675 677 753 741 belli
776 679 916 764 gloriam
938 679 1102 743 videretur

93 769 299 829 consecutus:
322 768 357 828 at
370 765 426 830 ille
441 763 581 850 ‘desine'
600 766 708 849 inquit
722 764 921 851 ‘Meneclida
945 767 983 830 de
1001 788 1101 832 uxorc

93 853 175 917 mihi
202 853 410 936 exprobrare:
446 875 522 918 nam
549 854 671 918 nullius
699 854 734 918 in
760 855 826 918 ista
852 877 887 919 re
916 855 1023 920 minus
1051 855 1101 920 uti

93 940 230 1007 consilio
253 941 348 1006 volo?
386 939 543 1027 (habebat
562 943 648 1006 enim
666 941 861 1007 Meneclides
884 943 1102 1026 suspicionem

93 1027 268 1114 adulterii.)
310 1029 408 1113 ‘quod
431 1035 540 1095 autem
563 1053 614 1095 me
637 1030 916 1117 Agamemnonem
946 1032 1101 1095 aemulari
1120 1048 1138 1096 o

92 1122 199 1203 putas,
221 1117 354 1183 falleris.
388 1139 526 1201 namque
549 1119 605 1182 ille
629 1140 702 1185 cum
724 1120 875 1184 universa
894 1118 1030 1184 Graecia
1047 1119 1102 1184 vix

92 1207 203 1271 decem
232 1207 325 1270 annis
353 1228 451 1270 unam
479 1207 566 1291 cepit
592 1209 719 1292 urbem,
747 1228 808 1292 ego
837 1212 951 1272 contra
978 1229 1016 1272 ea
1037 1229 1102 1271 una

92 1296 172 1359 urbe
185 1299 300 1359 nostra
318 1294 432 1377 dieque
450 1317 514 1359 uno
534 1299 639 1360 totam
653 1293 823 1360 Graeciam
836 1295 1100 1361 Lacedaemoniis

91 1382 215 1468 fugatis
238 1382 394 1446 liberavi?

182 1470 274 1534 Idem
302 1492 374 1536 cum
401 1471 437 1535 in
464 1475 658 1536 conventum
680 1472 823 1536 venisset
845 1472 1023 1556 Arcadum,
1049 1473 1143 1555 pati

94 1564 166 1624 tens
189 1563 227 1623 ut
250 1558 441 1624 societatem
465 1581 537 1624 cum
556 1559 718 1623 Thebanis
742 1563 775 1622 et
793 1559 926 1644 Argivis
948 1560 1102 1642 facerent,

93 1652 271 1731 contraque
290 1645 508 1731 Callistratus,
530 1645 780 1711 Atheniensium
804 1647 941 1732 legatus,
965 1647 1020 1730 qui
1039 1647 1103 1711 elo-

93 1737 228 1819 quentia
251 1756 362 1800 omnes
386 1757 423 1798 eo
450 1735 640 1818 praestabat
667 1739 827 1818 tempore,
855 1734 1038 1818 postularet
1064 1737 1103 1798 ut

93 1825 205 1907 potius
225 1823 402 1888 amicitiam
417 1824 627 1905 sequerentur
640 1820 837 1906 Atticorum,
860 1823 942 1886 etin
956 1822 1102 1886 oratione

94 1934 155 1977 sua
181 1912 285 1975 multa
311 1911 458 1975 invectus
482 1914 568 1974 esset
595 1910 630 1973 in
651 1908 823 1974 Thebanos
847 1914 880 1974 et
903 1911 1044 1995 Argivos
1067 1911 1102 1974 in

93 1999 205 2083 eisque
232 1998 295 2063 hoc
322 1998 498 2084 posuisset,
531 2000 674 2063 animum
702 1999 868 2062 advertere
898 1999 1014 2063 debere
1041 1997 1137 2063 Ara

93 2088 199 2172 cades,
222 2088 334 2172 quales
352 2091 489 2170 utraque
509 2087 623 2152 civitas
639 2087 724 2153 cives
744 2089 956 2172 procreasset,
978 2109 1018 2152 ex
1032 2087 1100 2170 qui-

94 2179 155 2243 bus
178 2177 217 2241 de
240 2177 356 2242 ceteris
378 2179 514 2260 possent
535 2176 690 2241 iudicare:
726 2176 867 2261 Argivos
891 2175 977 2240 enim
999 2174 1099 2240 fixisse

93 2265 245 2331 Orestem
273 2270 307 2330 et
329 2264 540 2330 Alcmeonem
567 2263 767 2347 matricidas,
796 2264 916 2328 Thebis
941 2262 1100 2347 Oedipum

93 2357 217 2437 natum,
240 2354 304 2437 qui,
328 2375 401 2417 cum
423 2357 551 2436 patrem
574 2375 668 2417 suum
690 2350 917 2434 interfecisset,
939 2371 978 2413 ex
996 2354 1099 2413 matre

94 2441 215 2506 liberos
233 2445 450 2524 procreasset:
468 2440 544 2505 huic
561 2440 597 2504 in
614 2439 836 2523 respondendo
850 2438 1101 2522 Epaminondas,
1120 2455 1137 2502 e

93 2550 170 2594 cum
192 2528 231 2592 de
254 2529 372 2593 ceteris
394 2532 591 2612 perorasset,
620 2531 795 2611 postquam
818 2525 858 2589 ad
880 2526 939 2589 illa
960 2525 1023 2590 duo
1047 2548 1101 2609 op-

94 2616 227 2701 probria
249 2615 405 2699 pervenit,
427 2616 579 2679 admirari
602 2637 636 2679 se
660 2615 742 2679 dixit
765 2613 942 2678 stultitiam
960 2613 1101 2679 rhetoris

95 2705 210 2788 Attici,
234 2703 378 2786 quinon
401 2703 674 2787 animadverterit,
695 2704 884 2766 innocentes
907 2702 982 2767 illos
1004 2708 1100 2768 natos

93 2793 200 2876 domi,
222 2791 342 2856 scelere
366 2792 507 2855 admisso
531 2812 604 2856 cum
626 2791 734 2875 patria
757 2794 865 2854 essent
888 2791 1027 2875 expulsi,
1054 2812 1102 2855 re·

94 2885 208 2965 ceptos
231 2900 301 2944 esse
325 2880 365 2942 ab
389 2878 652 2944 Atheniensibus
698 2879 754 2942 sed
784 2878 922 2944 maxime
945 2880 1014 2943 eius
1038 2879 1139 2942 elo-4

94 2969 229 3053 quentia
247 2967 350 3032 eluxit
365 2965 502 3051 Spartae
520 2967 622 3053 legati
641 2970 716 3031 ante
732 2987 875 3052 pugnam
889 2966 1102 3032 Leuctricam.

94 3078 160 3141 quo
183 3078 257 3122 oum
276 3055 421 3121 omnium
436 3056 598 3120 sociorum
612 3055 837 3120 convenissent
859 3057 969 3140 legati,
992 3076 1102 3120 coram

94 3145 360 3229 frequentissimo
385 3144 612 3230 [legationum]
639 3149 798 3209 conventu
821 3144 868 3209 sic
890 3143 1102 3208 Lacedaemo·

94 3233 224 3298 niorum
252 3232 456 3317 tyrannidem
484 3232 646 3317 coarguit,
674 3236 802 3296 utnon
823 3232 930 3296 minus
953 3232 1011 3295 illa
1034 3253 1102 3296 ora·

94 3323 185 3386 tione
208 3343 286 3407 opes
310 3343 422 3386 eorum
445 3321 647 3385 concusserit
670 3342 768 3404 quam
790 3319 961 3385 Leuctrica
983 3341 1101 3405 pugna

94 3415 166 3475 tum
198 3411 284 3475 enim
315 3409 465 3492 perfecit,
497 3409 583 3492 quod
612 3412 688 3492 post
717 3409 882 3493 apparuit,
912 3413 950 3472 ut
980 3408 1100 3474 auxilio

94 3497 368 3578 [Lacedaemonii]
393 3497 554 3563 sociorum
578 3497 797 3582 privarentur.

166 3595 190 3625 ψ

81 3635 138 3691 ff
144 3622 186 3657 7'
196 3630 200 3655 ἶ

50 3670 60 3681 Β
193 3672 204 3682 ⁴¹

45 3684 50 3698 1
77 3691 81 3697 ι

57 3700 144 3799 a
198 3712 204 3799 -;
