2460 3848
606 863 671 938 L'X
696 863 836 938 LIBRO

411 1027 718 1114 CORNELII
763 1026 1032 1115 Narouls

450 1195 510 1260 ou
533 1193 711 1261 naumis
734 1193 994 1263 msuourors.

581 1445 707 1519 XXIV.
735 1445 865 1519 CATO.

189 1587 207 1651 1
311 1583 354 1648 Μ.
373 1583 435 1650 Ga
420 1588 465 1669 ο
483 1588 574 1649 ortus
593 1583 767 1668 municipio
786 1583 935 1670 Tusculo,
954 1583 1225 1669 adulescentulus,

223 1674 411 1757 priusquam
437 1635 614 1738 honoribus
642 1694 772 1755 operam
800 1673 904 1757 daret,
936 1676 1083 1738 versatus
1112 1671 1198 1735 est
1189 1693 1225 1736 m

226 1760 363 1847 Sabinis,
386 1762 472 1845 quod
493 1761 541 1826 ibi
561 1755 729 1825 heredium
752 1782 772 1825 a
793 1765 886 1844 patre
904 1761 999 1826 relict
984 1764 1055 1825 tum
1072 1759 1225 1824 habebat.

224 1850 297 1914 inde
328 1850 463 1914 hortatu
489 1847 524 1912 L.
548 1847 672 1913 Valerii
698 1847 824 1933 Flacci,
861 1870 956 1931 quem
987 1849 1022 1912 in
1054 1848 1226 1913 consulatu

225 1959 421 2020 censuraque
447 1936 563 2001 habuit
590 1937 763 2021 collegam,
792 1899 830 2001 ut
856 1935 900 2000 Μ
922 1935 1090 2020 Perpenna
1116 1957 1226 2001 censo·

226 2026 293 2089 rius
315 2046 447 2088 narrare
471 2024 587 2089 solitus
610 2027 673 2108 est,
702 2023 841 2087 Romam
868 2024 1062 2108 demigravit
1084 2024 1119 2107 in
1140 2023 1227 2089 foro·

188 2130 287 2197 aque
306 2134 375 2177 esse
394 2112 509 2196 coepit.
543 2111 684 2195 primum
706 2111 903 2195 stipendium
925 2112 1044 2176 meruit
1067 2132 1227 2177 annorum

225 2203 334 2266 decem
366 2204 561 2284 septemque.
607 2198 644 2275 Q.
671 2198 774 2264 Fabio
803 2198 846 2264 M.
870 2197 1004 2265 Claudio
1037 2200 1226 2265 consulibus

225 2291 373 2354 tribunus
393 2289 534 2352 militum
552 2288 587 2351 in
606 2285 716 2352 Sicilia
738 2286 810 2352 fuit.
845 2288 919 2352 inde
937 2292 976 2352 ut
993 2288 1098 2372 rediit,
1117 2292 1228 2353 castra

226 2382 354 2443 secutus
378 2380 428 2441 est
450 2375 485 2442 0.
509 2375 636 2442 Claudii
658 2374 811 2460 Neronis,
838 2376 1012 2461 magnique
1036 2397 1134 2461 opera
1156 2377 1227 2442 eius

226 2467 412 2530 existimata
438 2468 489 2529 est
517 2464 552 2528 in
582 2464 705 2548 proelio
738 2464 822 2548 apud
851 2462 981 2549 Senam,
1013 2486 1076 2548 quo
1109 2465 1228 2531 cecidit

190 2553 420 2637 aHasdrubal‚
437 2552 539 2617 frater
552 2550 754 2616 Hannibalis.
786 2556 937 2636 quaestor
956 2516 1125 2638 olrtigitP.
1140 2551 1228 2617 Afri·

228 2663 307 2791 cano
335 2604 471 2725 consili,
501 2662 574 2704 cum
603 2661 665 2724 quo
691 2660 758 2704 non
785 2661 845 2724 pro
870 2641 967 2704 sortis
990 2640 1228 2706 necessitudine

227 2732 490 2812 mxrtznamque
513 2728 554 2792 ab
577 2749 615 2792 eo
637 2731 793 2812 perpetua
816 2728 969 2792 dissensit
991 2728 1066 2793 vita.
1113 2729 1229 2794 aedilis

190 2833 209 2881 4
227 2818 333 2901 plebei
355 2815 461 2881 factus
485 2819 535 2880 est
520 2814 688 2882 tcu.mO
711 2814 836 2880 Helvio.
873 2819 966 2900 praet
968 2838 1005 2880 or
1026 2817 1229 2900 provinciam

228 2905 371 2970 obtinuit
399 2902 593 2986 Sardiniam,
621 2925 659 2967 ex
687 2926 750 2987 qua
778 2907 931 2987 quaestor
957 2903 1120 2988 superiore
1148 2909 1217 2970 tem

227 3015 305 3078 pore
325 3015 364 3057 ex
377 2990 489 3056 Africa
508 2992 660 3056 decadem
681 2991 718 3068 Q.
731 2991 874 3056 Ennium
891 2996 1022 3076 politam
1042 2992 1220 3058 deduxerat

229 3082 315 3166 quod
342 3102 408 3146 non
434 3080 568 3146 minoris
597 3080 805 3144 aestimamus
834 3101 930 3163 quam
958 3081 1134 3163 quemlibet
1164 3103 1218 3146 am

228 3169 411 3254 plissimum
435 3166 672 3232 Sardiniensem
694 3168 903 3252 triumphum.

193 3259 215 3322 2
317 3255 530 3322 Consulatum
553 3256 655 3341 gessit
679 3278 751 3321 cum
773 3254 809 3319 L.
828 3254 958 3321 Valerio
978 3255 1104 3321 Flacco.
1141 3262 1230 3323 sort

227 3344 428 3428 provinciam
450 3349 565 3408 nactus
583 3343 776 3428 Hispaniam
800 3344 983 3408 citeriorem
1001 3366 1040 3408 ex
1057 3367 1095 3410 ea
1117 3346 1220 3412 trium

175 3445 201 3490 2
207 3431 320 3508 phum
343 3432 539 3515 deportavit.
570 3432 617 3496 ibi
636 3453 710 3498 cum
728 3432 849 3497 diutius
864 3436 1053 3516 moraretur,
1071 3432 1105 3496 P.
1121 3431 1227 3519 Scipi
