2460 3848
410 185 483 241 XIV.
501 185 682 242 DATAMES.
707 192 783 242 6-8.
1055 188 1098 252 53

93 331 201 397 fuerat
219 331 410 416 cogitatum,
432 331 466 395 id
488 331 528 403 ad
552 331 691 396 salutem
710 331 878 396 convertit.
914 353 977 415 quo
995 355 1099 417 neque

94 420 220 485 acutius
252 419 352 484 ullius
383 419 590 503 imperatoris
619 420 801 505 cogitatum
831 441 936 503 neque
964 421 1099 487 celerius

93 508 217 573 factum
239 529 378 591 usquam
399 507 547 592 legimus.

182 595 235 660 Ab
258 596 321 661 hoc
343 599 454 661 tamen
475 595 545 660 uiro
570 592 707 680 Sisines,
737 596 878 660 maximo
900 601 982 661 natu
1004 597 1138 682 filius?

95 683 211 750 desciit
238 684 278 748 ad
305 705 479 770 regemque
507 683 640 748 transiit
666 684 761 749 etde
789 684 968 751 defectione
995 686 1099 768 patris

95 773 221 838 detulit.
267 794 330 856 quo
358 773 473 837 nuntio
496 771 693 837 Artaxerxes
717 776 912 858 commotus,
942 774 1027 857 quod
1054 773 1100 838 in·

95 861 273 947 tellegebat
300 861 364 924 sibi
391 882 464 925 cum
491 860 561 925 viro
593 859 673 925 forti
701 882 738 925 ac
768 864 899 926 strenuo
931 861 1100 947 negotium

95 971 175 1034 esse,
198 949 254 1033 qui
277 953 311 1014 et
332 949 423 1033 prius
447 948 590 1034 cogitare
614 970 712 1032 quam
731 949 841 1014 conari
860 954 1047 1015 consuesset
1064 955 1100 1034 et,

96 1061 169 1104 cum
183 1037 369 1124 cogitasset,
387 1036 493 1102 facere
512 1037 653 1120 auderet,
670 1036 954 1121 Autophrodatem
971 1037 1006 1102 in
1019 1036 1100 1122 Cap

94 1127 264 1213 padociam
291 1126 405 1190 mittit.
449 1125 503 1190 hic
529 1147 570 1190 ne
597 1125 720 1191 intrare
747 1129 873 1210 posset,
903 1126 1037 1210 saltum,
1066 1125 1135 1191 ina

95 1237 159 1298 quo
178 1214 312 1281 Ciliciae
334 1219 448 1298 portae
472 1218 548 1279 sunt
571 1213 663 1298 sitae,
684 1212 841 1280 Datames
864 1236 1099 1298 praeoccupare

95 1304 230 1369 studuit.
275 1302 331 1367 sed
357 1306 426 1366 tam
456 1303 565 1368 subito
593 1302 702 1386 copias
731 1303 920 1368 contrahere
948 1325 1014 1367 non
1045 1319 1135 1387 poa

94 1393 169 1456 tuit.
215 1413 234 1455 a
262 1412 326 1474 qua
353 1413 388 1456 re
415 1391 567 1474 depulsus
596 1413 669 1455 cum
697 1412 735 1454 ea
761 1413 872 1476 manu,
902 1413 1000 1474 quam
1028 1412 1101 1456 con·

95 1482 254 1561 traxerat,
276 1479 385 1544 locum
408 1479 530 1564 delegit
553 1479 668 1563 talem,
690 1483 728 1544 ut
750 1500 854 1563 noque
877 1479 1101 1545 circumiretur

95 1569 136 1632 ab
164 1567 315 1632 hostibus
342 1590 446 1651 neque
475 1567 668 1650 praeteriret
696 1567 912 1651 adversarius,
944 1569 1023 1650 quin
1047 1590 1101 1632 an·

95 1655 358 1810 leittztl:
373 1655 1101 1827 ttttthtal„ttsstttltrssst

183 1831 273 1898 Haec
301 1831 363 1896 etsi
385 1830 651 1913 Autophrodates
678 1831 960 1914 ridebatptamen
987 1832 1139 1898 statim8

95 1921 208 1985 moluit
229 1919 382 2005 congredi
405 1941 503 2002 quam
525 1940 599 1983 cum
622 1919 723 1983 tantis
747 1919 849 2002 copiis
872 1918 1020 2004 refugere
1043 1923 1100 1984 aut

95 2013 164 2074 tam
187 2008 242 2073 diu
264 2029 329 2073 uno
351 2009 424 2073 loeo
447 2007 566 2072 sedere.
610 2006 754 2072 habebat
776 2008 990 2072 barbarorum
1013 2008 1135 2091 equi-2

95 2102 166 2162 turn
184 2096 312 2182 viginti,
334 2096 480 2181 peditum
500 2099 629 2160 centum
652 2096 751 2181 milia,
775 2117 856 2179 quos
874 2096 925 2160 illi
939 2095 1099 2162 Cardacas

95 2187 275 2270 appellant,
305 2185 510 2267 eiusdemque
538 2185 666 2269 generis
690 2185 753 2248 tria
776 2185 867 2248 milia
889 2183 1100 2269 funditorum,

94 2279 262 2358 praeterea
276 2273 505 2358 Cappadocum
524 2277 597 2338 octo
621 2273 721 2357 milia,
743 2271 974 2337 Armeniorum
990 2273 1100 2337 decem

95 2362 199 2447 milia,
213 2362 475 2462 Paphlagonum
498 2361 639 2444 quinque
666 2360 771 2444 milia,
798 2360 967 2444 Phrygum
990 2359 1100 2424 decem

95 2449 186 2515 milia
193 2449 388 2534 ,Lydorum
411 2449 552 2532 quinque
575 2449 679 2532 milia,
701 2447 941 2531 Aspendiorum
963 2450 997 2512 et
1018 2447 1100 2511 Pisi-

95 2501 209 2602 daruni
232 2538 360 2602 circiter
382 2538 447 2601 tria
469 2537 574 2620 milia,
596 2536 734 2602 Cilicum
756 2536 819 2600 duo
842 2534 947 2618 milia,
970 2532 1099 2618 Captia-

94 2648 211 2690 norum
238 2625 389 2709 totidem,
419 2647 458 2689 ex
486 2587 621 2689 Graecia
649 2624 881 2689 conductorum
908 2585 972 2687 tria
999 2623 1099 2707 milia,

94 2714 175 2779 levis
208 2717 389 2788 armaturae
422 2712 599 2776 maximum
629 2733 807 2776 numerum.
852 2711 912 2776 has
944 2711 1133 2778 adversust

95 2802 205 2886 copias
234 2822 307 2884 spes
335 2801 439 2865 omnis
468 2800 668 2865 consistebat
690 2799 824 2864 Datami
850 2799 885 2864 in
907 2821 942 2864 se
971 2800 1098 2884 locique

94 2895 211 2955 natura
243 2910 383 2972 namque
404 2888 500 2954 huius
523 2892 650 2972 partem
667 2910 733 2953 non
750 2888 894 2953 habebat
911 2887 1099 2953 vicesimam

95 2979 261 3043 militum.
311 2978 428 3061 quibus
460 2976 564 3041 fretus
597 2976 743 3041 conflixit
778 2976 1098 3058 adversariorumque

94 3066 311 3131 multamilia
334 3064 483 3147 concidit,
507 3085 580 3129 cum
602 3065 641 3130 de
664 3064 766 3149 ipsius
790 3065 932 3130 exercitu
949 3087 1016 3129 non
1034 3085 1099 3128 am·

94 3155 179 3240 plius
211 3154 379 3219 hominurn
410 3115 499 3218 mille
532 3152 709 3219 cecidisset.
761 3174 860 3236 quam
891 3154 932 3217 ob
967 3173 1098 3217 oausam

94 3247 225 3328 postero
249 3243 299 3307 dio
322 3247 494 3328 tropaeum
516 3241 634 3326 posuit,
658 3262 721 3324 quo
744 3241 817 3306 loco
844 3241 947 3324 pridie
976 3260 1098 3340 pugna-

93 3335 165 3396 tum
192 3335 270 3397 erat.
314 3331 390 3396 hinc
417 3352 491 3395 cum
519 3334 626 3395 castra
653 3329 810 3394 movisset
835 3350 1025 3413 semperque
1051 3329 1097 3392 in-
1115 3345 1133 3393 c

92 3419 193 3484 ferior
206 3419 308 3504 copiis
322 3419 469 3503 superior
488 3419 637 3483 omnibus
656 3417 788 3502 proeliis
807 3417 993 3499 discederet,
1012 3416 1100 3497 quod

90 3530 270 3594 numquam
301 3529 433 3574 manum
465 3509 666 3595 consereret,
693 3506 766 3574 nisi
795 3527 878 3572 cum
906 3501 1129 3566 aduersarios
