<?xml version="1.0" encoding="UTF-8"?>
<!DOCTYPE html PUBLIC "-//W3C//DTD XHTML 1.0 Transitional//EN"
    "http://www.w3.org/TR/xhtml1/DTD/xhtml1-transitional.dtd">
<html xmlns="http://www.w3.org/1999/xhtml" xml:lang="en" lang="en">
 <head>
  <title>
</title>
<meta http-equiv="Content-Type" content="text/html;charset=utf-8" />
  <meta name='ocr-system' content='tesseract 3.04.00' />
  <meta name='ocr-capabilities' content='ocr_page ocr_carea ocr_par ocr_line ocrx_word'/>
</head>
<body>
  <div class='ocr_page' id='page_1' title='image "./corneliinepotis03halmgoog_0034.png"; bbox 0 0 2460 3848; ppageno 0'>
   <div class='ocr_carea' id='block_1_1' title="bbox 494 214 1107 278">
    <p class='ocr_par' dir='ltr' id='par_1_1' title="bbox 494 214 1107 278">
     <span class='ocr_line' id='line_1_1' title="bbox 494 214 1107 278; baseline -0.002 -6"><span class='ocrx_word' id='word_1_1' title='bbox 494 216 528 272; x_wconf 83' lang='lat' dir='ltr'><strong>V.</strong></span> <span class='ocrx_word' id='word_1_2' title='bbox 547 215 671 270; x_wconf 83' lang='lat' dir='ltr'>CIMON.</span> <span class='ocrx_word' id='word_1_3' title='bbox 698 220 724 272; x_wconf 56' lang='grc' dir='ltr'><strong>ι</strong></span> <span class='ocrx_word' id='word_1_4' title='bbox 1064 214 1107 278; x_wconf 79' lang='grc'><strong>21</strong></span> 
     </span>
    </p>
   </div>
   <div class='ocr_carea' id='block_1_2' title="bbox 106 359 1146 1747">
    <p class='ocr_par' dir='ltr' id='par_1_2' title="bbox 106 359 1146 1747">
     <span class='ocr_line' id='line_1_2' title="bbox 108 359 1110 462; baseline -0.004 -34"><span class='ocrx_word' id='word_1_5' title='bbox 108 384 182 428; x_wconf 87' lang='lat' dir='ltr'><strong>cum</strong></span> <span class='ocrx_word' id='word_1_6' title='bbox 204 361 424 462; x_wconf 80' lang='lat' dir='ltr'><strong>compluribus</strong></span> <span class='ocrx_word' id='word_1_7' title='bbox 447 361 528 425; x_wconf 89' lang='lat' dir='ltr'><strong>locis</strong></span> <span class='ocrx_word' id='word_1_8' title='bbox 551 360 682 445; x_wconf 84' lang='lat' dir='ltr'><strong>praedic</strong></span> <span class='ocrx_word' id='word_1_9' title='bbox 704 360 880 443; x_wconf 89' lang='lat' dir='ltr'><strong>hortosque</strong></span> <span class='ocrx_word' id='word_1_10' title='bbox 902 359 1050 445; x_wconf 89' lang='lat' dir='ltr'><strong>haberet,</strong></span> <span class='ocrx_word' id='word_1_11' title='bbox 1071 363 1110 424; x_wconf 92' lang='lat' dir='ltr'><strong>ut</strong></span> 
     </span>
     <span class='ocr_line' id='line_1_3' title="bbox 106 446 1110 534; baseline -0.002 -19"><span class='ocrx_word' id='word_1_12' title='bbox 106 470 283 534; x_wconf 82' lang='lat' dir='ltr'><strong>numquam</strong></span> <span class='ocrx_word' id='word_1_13' title='bbox 309 449 344 513; x_wconf 92' lang='lat' dir='ltr'><strong>in</strong></span> <span class='ocrx_word' id='word_1_14' title='bbox 371 449 417 513; x_wconf 89' lang='lat' dir='ltr'><strong>eis</strong></span> <span class='ocrx_word' id='word_1_15' title='bbox 445 450 613 513; x_wconf 78' lang='lat' dir='ltr'><strong>custodem</strong></span> <span class='ocrx_word' id='word_1_16' title='bbox 639 447 785 533; x_wconf 88' lang='lat' dir='ltr'><strong>posuerit</strong></span> <span class='ocrx_word' id='word_1_17' title='bbox 814 446 939 512; x_wconf 73' lang='lat' dir='ltr'><strong>tructam</strong></span> <span class='ocrx_word' id='word_1_18' title='bbox 962 446 1110 513; x_wconf 88' lang='lat' dir='ltr'><strong>servandi</strong></span> 
     </span>
     <span class='ocr_line' id='line_1_4' title="bbox 107 534 1110 624; baseline -0.003 -22"><span class='ocrx_word' id='word_1_19' title='bbox 107 538 228 624; x_wconf 86' lang='lat' dir='ltr'><strong>gratia,</strong></span> <span class='ocrx_word' id='word_1_20' title='bbox 249 559 289 601; x_wconf 90' lang='lat' dir='ltr'><strong>ne</strong></span> <span class='ocrx_word' id='word_1_21' title='bbox 313 537 385 620; x_wconf 88' lang='lat' dir='ltr'><strong>quis</strong></span> <span class='ocrx_word' id='word_1_22' title='bbox 408 535 633 620; x_wconf 79' lang='lat' dir='ltr'><strong>impediretur,</strong></span> <span class='ocrx_word' id='word_1_23' title='bbox 660 536 831 619; x_wconf 89' lang='lat' dir='ltr'><strong>quominus</strong></span> <span class='ocrx_word' id='word_1_24' title='bbox 854 536 901 600; x_wconf 91' lang='lat' dir='ltr'><strong>eis</strong></span> <span class='ocrx_word' id='word_1_25' title='bbox 923 535 1019 600; x_wconf 89' lang='lat' dir='ltr'><strong>rebus</strong></span> <span class='ocrx_word' id='word_1_26' title='bbox 1043 534 1110 619; x_wconf 92' lang='lat' dir='ltr'><strong>qui-</strong></span> 
     </span>
     <span class='ocr_line' id='line_1_5' title="bbox 106 623 1145 725; baseline -0.001 -35"><span class='ocrx_word' id='word_1_27' title='bbox 106 627 168 691; x_wconf 91' lang='lat' dir='ltr'><strong>bus</strong></span> <span class='ocrx_word' id='word_1_28' title='bbox 192 625 327 709; x_wconf 89' lang='lat' dir='ltr'><strong>quisque</strong></span> <span class='ocrx_word' id='word_1_29' title='bbox 350 624 449 690; x_wconf 91' lang='lat' dir='ltr'><strong>vellet</strong></span> <span class='ocrx_word' id='word_1_30' title='bbox 475 624 644 689; x_wconf 78' lang='lat' dir='ltr'><strong>frueretur.</strong></span> <span class='ocrx_word' id='word_1_31' title='bbox 691 645 818 725; x_wconf 80' lang='lat' dir='ltr'><strong>semper</strong></span> <span class='ocrx_word' id='word_1_32' title='bbox 844 644 917 688; x_wconf 90' lang='lat' dir='ltr'><strong>eum</strong></span> <span class='ocrx_word' id='word_1_33' title='bbox 943 623 1145 725; x_wconf 65' lang='lat' dir='ltr'><strong>pedisequis</strong></span> 
     </span>
     <span class='ocr_line' id='line_1_6' title="bbox 108 710 1111 796; baseline -0.004 -17"><span class='ocrx_word' id='word_1_34' title='bbox 108 736 181 779; x_wconf 90' lang='lat' dir='ltr'><strong>eum</strong></span> <span class='ocrx_word' id='word_1_35' title='bbox 207 712 349 778; x_wconf 88' lang='lat' dir='ltr'><strong>nummis</strong></span> <span class='ocrx_word' id='word_1_36' title='bbox 377 716 453 777; x_wconf 87' lang='lat' dir='ltr'><strong>suut</strong></span> <span class='ocrx_word' id='word_1_37' title='bbox 476 712 593 796; x_wconf 87' lang='lat' dir='ltr'><strong>secuti,</strong></span> <span class='ocrx_word' id='word_1_38' title='bbox 619 715 671 796; x_wconf 91' lang='lat' dir='ltr'><strong>ut,</strong></span> <span class='ocrx_word' id='word_1_39' title='bbox 697 713 726 776; x_wconf 91' lang='lat' dir='ltr'><strong>si</strong></span> <span class='ocrx_word' id='word_1_40' title='bbox 749 712 822 795; x_wconf 87' lang='lat' dir='ltr'><strong>quis</strong></span> <span class='ocrx_word' id='word_1_41' title='bbox 845 712 915 795; x_wconf 87' lang='lat' dir='ltr'><strong>opis</strong></span> <span class='ocrx_word' id='word_1_42' title='bbox 940 712 1008 776; x_wconf 88' lang='lat' dir='ltr'><strong>eius</strong></span> <span class='ocrx_word' id='word_1_43' title='bbox 1030 710 1111 776; x_wconf 90' lang='lat' dir='ltr'><strong>indi·</strong></span> 
     </span>
     <span class='ocr_line' id='line_1_7' title="bbox 107 762 1110 888; baseline -0.003 -22"><span class='ocrx_word' id='word_1_44' title='bbox 107 805 211 888; x_wconf 87' lang='lat' dir='ltr'><strong>geret,</strong></span> <span class='ocrx_word' id='word_1_45' title='bbox 234 801 369 866; x_wconf 90' lang='lat' dir='ltr'><strong>haberet</strong></span> <span class='ocrx_word' id='word_1_46' title='bbox 392 800 478 884; x_wconf 93' lang='lat' dir='ltr'><strong>quod</strong></span> <span class='ocrx_word' id='word_1_47' title='bbox 501 762 615 865; x_wconf 81' lang='lat' dir='ltr'><strong>statiiu</strong></span> <span class='ocrx_word' id='word_1_48' title='bbox 637 800 743 884; x_wconf 88' lang='lat' dir='ltr'><strong>daret,</strong></span> <span class='ocrx_word' id='word_1_49' title='bbox 764 820 805 864; x_wconf 91' lang='lat' dir='ltr'><strong>ne</strong></span> <span class='ocrx_word' id='word_1_50' title='bbox 828 799 1003 865; x_wconf 82' lang='lat' dir='ltr'><strong>differendo</strong></span> <span class='ocrx_word' id='word_1_51' title='bbox 1026 799 1110 864; x_wconf 81' lang='lat' dir='ltr'><strong>vide</strong></span> 
     </span>
     <span class='ocr_line' id='line_1_8' title="bbox 108 850 1110 990; baseline -0.003 -35"><span class='ocrx_word' id='word_1_52' title='bbox 108 895 198 955; x_wconf 90' lang='lat' dir='ltr'><strong>retur</strong></span> <span class='ocrx_word' id='word_1_53' title='bbox 218 910 346 990; x_wconf 77' lang='lat' dir='ltr'><strong>negare.</strong></span> <span class='ocrx_word' id='word_1_54' title='bbox 392 909 497 973; x_wconf 89' lang='lat' dir='ltr'><strong>saepe,</strong></span> <span class='ocrx_word' id='word_1_55' title='bbox 519 910 593 953; x_wconf 89' lang='lat' dir='ltr'><strong>cum</strong></span> <span class='ocrx_word' id='word_1_56' title='bbox 616 850 758 972; x_wconf 85' lang='lat' dir='ltr'><strong>aliquem</strong></span> <span class='ocrx_word' id='word_1_57' title='bbox 780 887 938 953; x_wconf 85' lang='lat' dir='ltr'><strong>offensum</strong></span> <span class='ocrx_word' id='word_1_58' title='bbox 960 887 1110 952; x_wconf 89' lang='lat' dir='ltr'><strong>fortunae</strong></span> 
     </span>
     <span class='ocr_line' id='line_1_9' title="bbox 107 975 1110 1059; baseline -0.004 -16"><span class='ocrx_word' id='word_1_59' title='bbox 107 979 231 1043; x_wconf 88' lang='lat' dir='ltr'><strong>videret</strong></span> <span class='ocrx_word' id='word_1_60' title='bbox 258 978 364 1042; x_wconf 85' lang='lat' dir='ltr'><strong>minus</strong></span> <span class='ocrx_word' id='word_1_61' title='bbox 391 976 472 1041; x_wconf 91' lang='lat' dir='ltr'><strong>bene</strong></span> <span class='ocrx_word' id='word_1_62' title='bbox 499 977 667 1059; x_wconf 86' lang='lat' dir='ltr'><strong>vestitum,</strong></span> <span class='ocrx_word' id='word_1_63' title='bbox 695 998 789 1041; x_wconf 89' lang='lat' dir='ltr'><strong>suum</strong></span> <span class='ocrx_word' id='word_1_64' title='bbox 817 976 992 1041; x_wconf 87' lang='lat' dir='ltr'><strong>amiculum</strong></span> <span class='ocrx_word' id='word_1_65' title='bbox 1014 975 1110 1039; x_wconf 93' lang='lat' dir='ltr'><strong>dedit.</strong></span> 
     </span>
     <span class='ocr_line' id='line_1_10' title="bbox 108 1064 1145 1149; baseline -0.002 -18"><span class='ocrx_word' id='word_1_66' title='bbox 108 1070 161 1132; x_wconf 90' lang='lat' dir='ltr'><strong>cot</strong></span> <span class='ocrx_word' id='word_1_67' title='bbox 147 1066 240 1130; x_wconf 91' lang='lat' dir='ltr'><strong>ttidie</strong></span> <span class='ocrx_word' id='word_1_68' title='bbox 268 1065 315 1130; x_wconf 88' lang='lat' dir='ltr'><strong>sie</strong></span> <span class='ocrx_word' id='word_1_69' title='bbox 343 1087 422 1130; x_wconf 85' lang='lat' dir='ltr'><strong>cena</strong></span> <span class='ocrx_word' id='word_1_70' title='bbox 449 1065 479 1129; x_wconf 92' lang='lat' dir='ltr'><strong>ei</strong></span> <span class='ocrx_word' id='word_1_71' title='bbox 506 1066 718 1149; x_wconf 75' lang='lat' dir='ltr'><strong>coquebatur,</strong></span> <span class='ocrx_word' id='word_1_72' title='bbox 749 1068 800 1149; x_wconf 92' lang='lat' dir='ltr'><strong>ut,</strong></span> <span class='ocrx_word' id='word_1_73' title='bbox 830 1085 911 1148; x_wconf 92' lang='lat' dir='ltr'><strong>quos</strong></span> <span class='ocrx_word' id='word_1_74' title='bbox 942 1064 1145 1129; x_wconf 80' lang='lat' dir='ltr'><strong>invocatosa</strong></span> 
     </span>
     <span class='ocr_line' id='line_1_11' title="bbox 106 1150 1110 1237; baseline -0.004 -18"><span class='ocrx_word' id='word_1_75' title='bbox 106 1154 245 1220; x_wconf 90' lang='lat' dir='ltr'><strong>vidisset</strong></span> <span class='ocrx_word' id='word_1_76' title='bbox 271 1153 306 1219; x_wconf 89' lang='lat' dir='ltr'><strong>in</strong></span> <span class='ocrx_word' id='word_1_77' title='bbox 332 1152 419 1237; x_wconf 82' lang='lat' dir='ltr'><strong>foro,</strong></span> <span class='ocrx_word' id='word_1_78' title='bbox 450 1174 561 1218; x_wconf 87' lang='lat' dir='ltr'><strong>omnes</strong></span> <span class='ocrx_word' id='word_1_79' title='bbox 589 1153 629 1216; x_wconf 89' lang='lat' dir='ltr'><strong>ad</strong></span> <span class='ocrx_word' id='word_1_80' title='bbox 656 1174 690 1216; x_wconf 93' lang='lat' dir='ltr'><strong>se</strong></span> <span class='ocrx_word' id='word_1_81' title='bbox 717 1157 860 1237; x_wconf 89' lang='lat' dir='ltr'><strong>voearet,</strong></span> <span class='ocrx_word' id='word_1_82' title='bbox 892 1151 979 1236; x_wconf 92' lang='lat' dir='ltr'><strong>quod</strong></span> <span class='ocrx_word' id='word_1_83' title='bbox 1004 1150 1110 1216; x_wconf 82' lang='lat' dir='ltr'><strong>facere</strong></span> 
     </span>
     <span class='ocr_line' id='line_1_12' title="bbox 106 1240 1110 1326; baseline -0.004 -19"><span class='ocrx_word' id='word_1_84' title='bbox 106 1243 196 1307; x_wconf 91' lang='lat' dir='ltr'><strong>nullo</strong></span> <span class='ocrx_word' id='word_1_85' title='bbox 215 1242 266 1306; x_wconf 93' lang='lat' dir='ltr'><strong>die</strong></span> <span class='ocrx_word' id='word_1_86' title='bbox 284 1241 574 1326; x_wconf 79' lang='lat' dir='ltr'><strong>praetermittebat.</strong></span> <span class='ocrx_word' id='word_1_87' title='bbox 606 1241 688 1306; x_wconf 90' lang='lat' dir='ltr'><strong>nulli</strong></span> <span class='ocrx_word' id='word_1_88' title='bbox 706 1240 785 1307; x_wconf 78' lang='lat' dir='ltr'><strong>fides</strong></span> <span class='ocrx_word' id='word_1_89' title='bbox 804 1241 883 1325; x_wconf 91' lang='lat' dir='ltr'><strong>eius,</strong></span> <span class='ocrx_word' id='word_1_90' title='bbox 903 1240 986 1305; x_wconf 90' lang='lat' dir='ltr'><strong>nulli</strong></span> <span class='ocrx_word' id='word_1_91' title='bbox 1005 1259 1110 1323; x_wconf 89' lang='lat' dir='ltr'><strong>opera,</strong></span> 
     </span>
     <span class='ocr_line' id='line_1_13' title="bbox 106 1328 1111 1413; baseline -0.003 -18"><span class='ocrx_word' id='word_1_92' title='bbox 106 1331 190 1395; x_wconf 90' lang='lat' dir='ltr'><strong>nulli</strong></span> <span class='ocrx_word' id='word_1_93' title='bbox 213 1351 265 1395; x_wconf 90' lang='lat' dir='ltr'><strong>res</strong></span> <span class='ocrx_word' id='word_1_94' title='bbox 288 1328 459 1394; x_wconf 85' lang='lat' dir='ltr'><strong>familiaris</strong></span> <span class='ocrx_word' id='word_1_95' title='bbox 482 1328 599 1394; x_wconf 78' lang='lat' dir='ltr'><strong>detuit:</strong></span> <span class='ocrx_word' id='word_1_96' title='bbox 635 1329 756 1394; x_wconf 90' lang='lat' dir='ltr'><strong>multos</strong></span> <span class='ocrx_word' id='word_1_97' title='bbox 779 1329 1003 1413; x_wconf 87' lang='lat' dir='ltr'><strong>locupletavit,</strong></span> <span class='ocrx_word' id='word_1_98' title='bbox 1026 1349 1111 1392; x_wconf 90' lang='lat' dir='ltr'><strong>eom-</strong></span> 
     </span>
     <span class='ocr_line' id='line_1_14' title="bbox 106 1416 1111 1503; baseline -0.002 -21"><span class='ocrx_word' id='word_1_99' title='bbox 106 1418 216 1503; x_wconf 88' lang='lat' dir='ltr'><strong>plures</strong></span> <span class='ocrx_word' id='word_1_100' title='bbox 238 1439 394 1502; x_wconf 81' lang='lat' dir='ltr'><strong>pauperes</strong></span> <span class='ocrx_word' id='word_1_101' title='bbox 419 1419 608 1501; x_wconf 88' lang='lat' dir='ltr'><strong>[mortuos],</strong></span> <span class='ocrx_word' id='word_1_102' title='bbox 640 1417 696 1500; x_wconf 91' lang='lat' dir='ltr'><strong>qui</strong></span> <span class='ocrx_word' id='word_1_103' title='bbox 722 1417 805 1483; x_wconf 91' lang='lat' dir='ltr'><strong>unde</strong></span> <span class='ocrx_word' id='word_1_104' title='bbox 832 1416 1023 1482; x_wconf 86' lang='lat' dir='ltr'><strong>efferrentur</strong></span> <span class='ocrx_word' id='word_1_105' title='bbox 1044 1437 1111 1481; x_wconf 92' lang='lat' dir='ltr'><strong>nou</strong></span> 
     </span>
     <span class='ocr_line' id='line_1_15' title="bbox 108 1503 1146 1592; baseline 0 -22"><span class='ocrx_word' id='word_1_106' title='bbox 108 1505 329 1590; x_wconf 85' lang='lat' dir='ltr'><strong>reliquissent,</strong></span> <span class='ocrx_word' id='word_1_107' title='bbox 355 1528 413 1572; x_wconf 88' lang='lat' dir='ltr'><strong>suo</strong></span> <span class='ocrx_word' id='word_1_108' title='bbox 438 1510 570 1590; x_wconf 88' lang='lat' dir='ltr'><strong>sumptu</strong></span> <span class='ocrx_word' id='word_1_109' title='bbox 593 1504 718 1570; x_wconf 87' lang='lat' dir='ltr'><strong>extulit.</strong></span> <span class='ocrx_word' id='word_1_110' title='bbox 763 1506 810 1571; x_wconf 87' lang='lat' dir='ltr'><strong>sic</strong></span> <span class='ocrx_word' id='word_1_111' title='bbox 833 1527 867 1570; x_wconf 89' lang='lat' dir='ltr'><strong>se</strong></span> <span class='ocrx_word' id='word_1_112' title='bbox 891 1503 1030 1592; x_wconf 83' lang='lat' dir='ltr'><strong>gerendo</strong></span> <span class='ocrx_word' id='word_1_113' title='bbox 1053 1504 1146 1570; x_wconf 75' lang='lat' dir='ltr'><strong>mie</strong></span> 
     </span>
     <span class='ocr_line' id='line_1_16' title="bbox 107 1593 1111 1678; baseline -0.003 -20"><span class='ocrx_word' id='word_1_114' title='bbox 107 1593 194 1659; x_wconf 90' lang='lat' dir='ltr'><strong>nime</strong></span> <span class='ocrx_word' id='word_1_115' title='bbox 222 1597 273 1658; x_wconf 92' lang='lat' dir='ltr'><strong>est</strong></span> <span class='ocrx_word' id='word_1_116' title='bbox 303 1594 500 1678; x_wconf 88' lang='lat' dir='ltr'><strong>mirandum,</strong></span> <span class='ocrx_word' id='word_1_117' title='bbox 529 1593 559 1657; x_wconf 89' lang='lat' dir='ltr'><strong>si</strong></span> <span class='ocrx_word' id='word_1_118' title='bbox 585 1597 620 1657; x_wconf 91' lang='lat' dir='ltr'><strong>et</strong></span> <span class='ocrx_word' id='word_1_119' title='bbox 648 1593 717 1657; x_wconf 87' lang='lat' dir='ltr'><strong>vita</strong></span> <span class='ocrx_word' id='word_1_120' title='bbox 745 1594 814 1658; x_wconf 91' lang='lat' dir='ltr'><strong>eius</strong></span> <span class='ocrx_word' id='word_1_121' title='bbox 843 1593 908 1658; x_wconf 83' lang='lat' dir='ltr'><strong>fuit</strong></span> <span class='ocrx_word' id='word_1_122' title='bbox 939 1613 1051 1658; x_wconf 89' lang='lat' dir='ltr'><strong>secura</strong></span> <span class='ocrx_word' id='word_1_123' title='bbox 1077 1595 1111 1655; x_wconf 91' lang='lat' dir='ltr'><strong>et</strong></span> 
     </span>
     <span class='ocr_line' id='line_1_17' title="bbox 108 1683 344 1747; baseline -0.004 -1"><span class='ocrx_word' id='word_1_124' title='bbox 108 1703 195 1747; x_wconf 85' lang='lat' dir='ltr'><strong>mors</strong></span> <span class='ocrx_word' id='word_1_125' title='bbox 219 1683 344 1747; x_wconf 85' lang='lat' dir='ltr'><strong>acerba.</strong></span> 
     </span>
    </p>
   </div>
   <div class='ocr_carea' id='block_1_3' title="bbox 424 1981 782 2057">
    <p class='ocr_par' dir='ltr' id='par_1_3' title="bbox 424 1981 782 2057">
     <span class='ocr_line' id='line_1_18' title="bbox 424 1981 782 2057; baseline 0 -3"><span class='ocrx_word' id='word_1_126' title='bbox 424 1981 484 2057; x_wconf 91' lang='lat' dir='ltr'><strong>VI.</strong></span> <span class='ocrx_word' id='word_1_127' title='bbox 517 1981 782 2057; x_wconf 77' lang='lat' dir='ltr'><strong>LYSANDER</strong></span> 
     </span>
    </p>
   </div>
   <div class='ocr_carea' id='block_1_4' title="bbox 106 2118 1170 3618">
    <p class='ocr_par' dir='ltr' id='par_1_4' title="bbox 106 2118 1170 3618">
     <span class='ocr_line' id='line_1_19' title="bbox 195 2118 1149 2221; baseline 0.001 -35"><span class='ocrx_word' id='word_1_128' title='bbox 195 2120 360 2206; x_wconf 82' lang='lat' dir='ltr'><strong>Lysander</strong></span> <span class='ocrx_word' id='word_1_129' title='bbox 396 2118 667 2185; x_wconf 88' lang='lat' dir='ltr'><strong>Lacedaemonius</strong></span> <span class='ocrx_word' id='word_1_130' title='bbox 705 2141 856 2221; x_wconf 79' lang='lat' dir='ltr'><strong>magnam</strong></span> <span class='ocrx_word' id='word_1_131' title='bbox 892 2119 1024 2204; x_wconf 89' lang='lat' dir='ltr'><strong>reliquit</strong></span> <span class='ocrx_word' id='word_1_132' title='bbox 1060 2119 1149 2187; x_wconf 76' lang='lat' dir='ltr'><strong>suit</strong></span> 
     </span>
     <span class='ocr_line' id='line_1_20' title="bbox 107 2206 1111 2312; baseline -0.002 -38"><span class='ocrx_word' id='word_1_133' title='bbox 107 2209 241 2312; x_wconf 78' lang='lat' dir='ltr'><strong>famam,</strong></span> <span class='ocrx_word' id='word_1_134' title='bbox 269 2209 374 2296; x_wconf 81' lang='lat' dir='ltr'><strong>magis</strong></span> <span class='ocrx_word' id='word_1_135' title='bbox 396 2208 554 2274; x_wconf 83' lang='lat' dir='ltr'><strong>felicitate</strong></span> <span class='ocrx_word' id='word_1_136' title='bbox 578 2230 675 2293; x_wconf 90' lang='lat' dir='ltr'><strong>quam</strong></span> <span class='ocrx_word' id='word_1_137' title='bbox 697 2209 818 2274; x_wconf 89' lang='lat' dir='ltr'><strong>virtute</strong></span> <span class='ocrx_word' id='word_1_138' title='bbox 840 2213 981 2292; x_wconf 89' lang='lat' dir='ltr'><strong>partam:</strong></span> <span class='ocrx_word' id='word_1_139' title='bbox 1011 2206 1111 2273; x_wconf 84' lang='lat' dir='ltr'><strong>Athe-</strong></span> 
     </span>
     <span class='ocr_line' id='line_1_21' title="bbox 107 2296 1110 2381; baseline -0.005 -17"><span class='ocrx_word' id='word_1_140' title='bbox 107 2299 234 2364; x_wconf 91' lang='lat' dir='ltr'><strong>nienses</strong></span> <span class='ocrx_word' id='word_1_141' title='bbox 257 2298 344 2362; x_wconf 90' lang='lat' dir='ltr'><strong>enim</strong></span> <span class='ocrx_word' id='word_1_142' title='bbox 366 2299 511 2363; x_wconf 70' lang='lat' dir='ltr'><strong>caecas</strong></span> <span class='ocrx_word' id='word_1_143' title='bbox 532 2296 785 2381; x_wconf 86' lang='lat' dir='ltr'><strong>Peloponnesios</strong></span> <span class='ocrx_word' id='word_1_144' title='bbox 812 2296 934 2361; x_wconf 88' lang='lat' dir='ltr'><strong>bellum</strong></span> <span class='ocrx_word' id='word_1_145' title='bbox 961 2299 1110 2380; x_wconf 86' lang='lat' dir='ltr'><strong>gerentes</strong></span> 
     </span>
     <span class='ocr_line' id='line_1_22' title="bbox 108 2383 1146 2468; baseline -0.002 -17"><span class='ocrx_word' id='word_1_146' title='bbox 108 2390 199 2451; x_wconf 87' lang='lat' dir='ltr'><strong>sexto</strong></span> <span class='ocrx_word' id='word_1_147' title='bbox 223 2390 257 2449; x_wconf 93' lang='lat' dir='ltr'><strong>et</strong></span> <span class='ocrx_word' id='word_1_148' title='bbox 278 2385 432 2450; x_wconf 88' lang='lat' dir='ltr'><strong>vicesimo</strong></span> <span class='ocrx_word' id='word_1_149' title='bbox 456 2407 540 2450; x_wconf 86' lang='lat' dir='ltr'><strong>anno</strong></span> <span class='ocrx_word' id='word_1_150' title='bbox 569 2384 746 2450; x_wconf 78' lang='lat' dir='ltr'><strong>confecisse</strong></span> <span class='ocrx_word' id='word_1_151' title='bbox 773 2387 922 2468; x_wconf 91' lang='lat' dir='ltr'><strong>apparet,</strong></span> <span class='ocrx_word' id='word_1_152' title='bbox 952 2403 1046 2465; x_wconf 80' lang='lat' dir='ltr'><strong>aeque</strong></span> <span class='ocrx_word' id='word_1_153' title='bbox 1077 2383 1146 2450; x_wconf 82' lang='lat' dir='ltr'><strong>ids</strong></span> 
     </span>
     <span class='ocr_line' id='line_1_23' title="bbox 108 2470 1112 2559; baseline -0.002 -21"><span class='ocrx_word' id='word_1_154' title='bbox 108 2495 172 2559; x_wconf 90' lang='lat' dir='ltr'><strong>qua</strong></span> <span class='ocrx_word' id='word_1_155' title='bbox 190 2474 315 2538; x_wconf 88' lang='lat' dir='ltr'><strong>ratione</strong></span> <span class='ocrx_word' id='word_1_156' title='bbox 334 2477 524 2538; x_wconf 89' lang='lat' dir='ltr'><strong>consecutus</strong></span> <span class='ocrx_word' id='word_1_157' title='bbox 548 2474 593 2537; x_wconf 87' lang='lat' dir='ltr'><strong>sit</strong></span> <span class='ocrx_word' id='word_1_158' title='bbox 614 2474 710 2536; x_wconf 90' lang='lat' dir='ltr'><strong>latet:</strong></span> <span class='ocrx_word' id='word_1_159' title='bbox 732 2471 904 2537; x_wconf 89' lang='lat' dir='ltr'><strong>nonenim</strong></span> <span class='ocrx_word' id='word_1_160' title='bbox 921 2470 1042 2535; x_wconf 91' lang='lat' dir='ltr'><strong>virtute</strong></span> <span class='ocrx_word' id='word_1_161' title='bbox 1060 2471 1112 2536; x_wconf 87' lang='lat' dir='ltr'><strong>sui</strong></span> 
     </span>
     <span class='ocr_line' id='line_1_24' title="bbox 108 2558 1111 2645; baseline -0.002 -19"><span class='ocrx_word' id='word_1_162' title='bbox 108 2562 212 2627; x_wconf 85' lang='lat' dir='ltr'><strong>exerci</strong></span> <span class='ocrx_word' id='word_1_163' title='bbox 214 2565 281 2645; x_wconf 90' lang='lat' dir='ltr'><strong>tus,</strong></span> <span class='ocrx_word' id='word_1_164' title='bbox 308 2561 365 2625; x_wconf 88' lang='lat' dir='ltr'><strong>sed</strong></span> <span class='ocrx_word' id='word_1_165' title='bbox 392 2561 597 2626; x_wconf 90' lang='lat' dir='ltr'><strong>immodestia</strong></span> <span class='ocrx_word' id='word_1_166' title='bbox 626 2559 749 2625; x_wconf 85' lang='lat' dir='ltr'><strong>factum</strong></span> <span class='ocrx_word' id='word_1_167' title='bbox 772 2563 823 2624; x_wconf 90' lang='lat' dir='ltr'><strong>est</strong></span> <span class='ocrx_word' id='word_1_168' title='bbox 845 2558 1111 2644; x_wconf 86' lang='lat' dir='ltr'><strong>adversariorum,</strong></span> 
     </span>
     <span class='ocr_line' id='line_1_25' title="bbox 108 2647 1112 2733; baseline -0.002 -20"><span class='ocrx_word' id='word_1_169' title='bbox 108 2650 173 2733; x_wconf 88' lang='lat' dir='ltr'><strong>qui,</strong></span> <span class='ocrx_word' id='word_1_170' title='bbox 192 2649 279 2731; x_wconf 93' lang='lat' dir='ltr'><strong>quod</strong></span> <span class='ocrx_word' id='word_1_171' title='bbox 296 2648 383 2713; x_wconf 93' lang='lat' dir='ltr'><strong>dicto</strong></span> <span class='ocrx_word' id='word_1_172' title='bbox 398 2648 563 2713; x_wconf 86' lang='lat' dir='ltr'><strong>audientes</strong></span> <span class='ocrx_word' id='word_1_173' title='bbox 584 2648 835 2732; x_wconf 82' lang='lat' dir='ltr'><strong>imperatoribus</strong></span> <span class='ocrx_word' id='word_1_174' title='bbox 849 2647 917 2711; x_wconf 89' lang='lat' dir='ltr'><strong>suis</strong></span> <span class='ocrx_word' id='word_1_175' title='bbox 930 2668 996 2711; x_wconf 93' lang='lat' dir='ltr'><strong>non</strong></span> <span class='ocrx_word' id='word_1_176' title='bbox 1009 2651 1112 2732; x_wconf 89' lang='lat' dir='ltr'><strong>erant,</strong></span> 
     </span>
     <span class='ocr_line' id='line_1_26' title="bbox 108 2735 1111 2820; baseline -0.002 -18"><span class='ocrx_word' id='word_1_177' title='bbox 108 2735 293 2820; x_wconf 88' lang='lat' dir='ltr'><strong>dispalati</strong></span> <span class='ocrx_word' id='word_1_178' title='bbox 283 2757 319 2800; x_wconf 90' lang='lat' dir='ltr'><strong>m</strong></span> <span class='ocrx_word' id='word_1_179' title='bbox 336 2737 424 2820; x_wconf 80' lang='lat' dir='ltr'><strong>agris</strong></span> <span class='ocrx_word' id='word_1_180' title='bbox 443 2735 565 2801; x_wconf 89' lang='lat' dir='ltr'><strong>relictis</strong></span> <span class='ocrx_word' id='word_1_181' title='bbox 583 2736 748 2801; x_wconf 87' lang='lat' dir='ltr'><strong>navibus</strong></span> <span class='ocrx_word' id='word_1_182' title='bbox 738 2757 773 2799; x_wconf 90' lang='lat' dir='ltr'><strong>m</strong></span> <span class='ocrx_word' id='word_1_183' title='bbox 790 2735 936 2800; x_wconf 90' lang='lat' dir='ltr'><strong>hostium</strong></span> <span class='ocrx_word' id='word_1_184' title='bbox 953 2740 1111 2800; x_wconf 79' lang='lat' dir='ltr'><strong>venerrmt</strong></span> 
     </span>
     <span class='ocr_line' id='line_1_27' title="bbox 107 2822 1109 2909; baseline -0.002 -20"><span class='ocrx_word' id='word_1_185' title='bbox 107 2827 314 2909; x_wconf 89' lang='lat' dir='ltr'><strong>potestatem.</strong></span> <span class='ocrx_word' id='word_1_186' title='bbox 354 2844 418 2906; x_wconf 91' lang='lat' dir='ltr'><strong>quo</strong></span> <span class='ocrx_word' id='word_1_187' title='bbox 440 2822 528 2888; x_wconf 84' lang='lat' dir='ltr'><strong>facto</strong></span> <span class='ocrx_word' id='word_1_188' title='bbox 552 2823 768 2889; x_wconf 86' lang='lat' dir='ltr'><strong>Athenienses</strong></span> <span class='ocrx_word' id='word_1_189' title='bbox 791 2845 825 2888; x_wconf 87' lang='lat' dir='ltr'><strong>se</strong></span> <span class='ocrx_word' id='word_1_190' title='bbox 848 2822 1109 2890; x_wconf 86' lang='lat' dir='ltr'><strong>Lacedaemoniis</strong></span> 
     </span>
     <span class='ocr_line' id='line_1_28' title="bbox 108 2910 1146 2995; baseline 0 -18"><span class='ocrx_word' id='word_1_191' title='bbox 108 2912 307 2977; x_wconf 77' lang='lat' dir='ltr'><strong>dediderrmt.</strong></span> <span class='ocrx_word' id='word_1_192' title='bbox 348 2911 409 2975; x_wconf 92' lang='lat' dir='ltr'><strong>hac</strong></span> <span class='ocrx_word' id='word_1_193' title='bbox 431 2911 497 2976; x_wconf 90' lang='lat' dir='ltr'><strong>vict</strong></span> <span class='ocrx_word' id='word_1_194' title='bbox 499 2911 568 2976; x_wconf 89' lang='lat' dir='ltr'><strong>oria</strong></span> <span class='ocrx_word' id='word_1_195' title='bbox 590 2910 756 2995; x_wconf 86' lang='lat' dir='ltr'><strong>Lysander</strong></span> <span class='ocrx_word' id='word_1_196' title='bbox 778 2912 896 2995; x_wconf 91' lang='lat' dir='ltr'><strong>elatus,</strong></span> <span class='ocrx_word' id='word_1_197' title='bbox 919 2933 992 2977; x_wconf 90' lang='lat' dir='ltr'><strong>cum</strong></span> <span class='ocrx_word' id='word_1_198' title='bbox 1015 2915 1146 2977; x_wconf 78' lang='lat' dir='ltr'><strong>antece</strong></span> 
     </span>
     <span class='ocr_line' id='line_1_29' title="bbox 108 2963 1110 3101; baseline -0.003 -36"><span class='ocrx_word' id='word_1_199' title='bbox 108 3021 234 3101; x_wconf 87' lang='lat' dir='ltr'><strong>semper</strong></span> <span class='ocrx_word' id='word_1_200' title='bbox 261 2999 418 3064; x_wconf 85' lang='lat' dir='ltr'><strong>factiosus</strong></span> <span class='ocrx_word' id='word_1_201' title='bbox 445 2999 611 3099; x_wconf 86' lang='lat' dir='ltr'><strong>audaxque</strong></span> <span class='ocrx_word' id='word_1_202' title='bbox 638 2999 769 3084; x_wconf 82' lang='lat' dir='ltr'><strong>fuisset,</strong></span> <span class='ocrx_word' id='word_1_203' title='bbox 800 2998 847 3064; x_wconf 87' lang='lat' dir='ltr'><strong>sic</strong></span> <span class='ocrx_word' id='word_1_204' title='bbox 874 2963 938 3064; x_wconf 89' lang='lat' dir='ltr'><strong>sibi</strong></span> <span class='ocrx_word' id='word_1_205' title='bbox 966 2999 1110 3084; x_wconf 86' lang='lat' dir='ltr'><strong>indulsit,</strong></span> 
     </span>
     <span class='ocr_line' id='line_1_30' title="bbox 107 3085 1111 3171; baseline -0.003 -18"><span class='ocrx_word' id='word_1_206' title='bbox 107 3088 237 3153; x_wconf 84' lang='lat' dir='ltr'><strong>ateius</strong></span> <span class='ocrx_word' id='word_1_207' title='bbox 261 3109 359 3171; x_wconf 90' lang='lat' dir='ltr'><strong>opera</strong></span> <span class='ocrx_word' id='word_1_208' title='bbox 386 3087 421 3153; x_wconf 89' lang='lat' dir='ltr'><strong>in</strong></span> <span class='ocrx_word' id='word_1_209' title='bbox 447 3087 624 3152; x_wconf 83' lang='lat' dir='ltr'><strong>maximum</strong></span> <span class='ocrx_word' id='word_1_210' title='bbox 646 3087 756 3152; x_wconf 91' lang='lat' dir='ltr'><strong>odium</strong></span> <span class='ocrx_word' id='word_1_211' title='bbox 778 3085 932 3153; x_wconf 80' lang='lat' dir='ltr'><strong>Graeciae</strong></span> <span class='ocrx_word' id='word_1_212' title='bbox 955 3086 1111 3151; x_wconf 88' lang='lat' dir='ltr'><strong>Lacedae·</strong></span> 
     </span>
     <span class='ocr_line' id='line_1_31' title="bbox 108 3173 1145 3260; baseline -0.002 -20"><span class='ocrx_word' id='word_1_213' title='bbox 108 3176 209 3240; x_wconf 92' lang='lat' dir='ltr'><strong>monii</strong></span> <span class='ocrx_word' id='word_1_214' title='bbox 235 3175 448 3260; x_wconf 84' lang='lat' dir='ltr'><strong>pervenerint.</strong></span> <span class='ocrx_word' id='word_1_215' title='bbox 492 3197 569 3239; x_wconf 89' lang='lat' dir='ltr'><strong>nam</strong></span> <span class='ocrx_word' id='word_1_216' title='bbox 592 3197 665 3241; x_wconf 90' lang='lat' dir='ltr'><strong>cum</strong></span> <span class='ocrx_word' id='word_1_217' title='bbox 691 3175 775 3240; x_wconf 90' lang='lat' dir='ltr'><strong>banc</strong></span> <span class='ocrx_word' id='word_1_218' title='bbox 802 3198 932 3241; x_wconf 88' lang='lat' dir='ltr'><strong>causam</strong></span> <span class='ocrx_word' id='word_1_219' title='bbox 954 3173 1145 3241; x_wconf 78' lang='lat' dir='ltr'><strong>Lacedae-4</strong></span> 
     </span>
     <span class='ocr_line' id='line_1_32' title="bbox 107 3262 1110 3348; baseline -0.003 -20"><span class='ocrx_word' id='word_1_220' title='bbox 107 3263 209 3328; x_wconf 91' lang='lat' dir='ltr'><strong>monii</strong></span> <span class='ocrx_word' id='word_1_221' title='bbox 231 3262 437 3328; x_wconf 84' lang='lat' dir='ltr'><strong>dictitassent</strong></span> <span class='ocrx_word' id='word_1_222' title='bbox 455 3263 518 3328; x_wconf 86' lang='lat' dir='ltr'><strong>sibi</strong></span> <span class='ocrx_word' id='word_1_223' title='bbox 537 3284 607 3329; x_wconf 86' lang='lat' dir='ltr'><strong>esse</strong></span> <span class='ocrx_word' id='word_1_224' title='bbox 625 3263 714 3348; x_wconf 90' lang='lat' dir='ltr'><strong>belli,</strong></span> <span class='ocrx_word' id='word_1_225' title='bbox 735 3262 832 3328; x_wconf 86' lang='grc' dir='ltr'>ιιιΑι</span> <span class='ocrx_word' id='word_1_226' title='bbox 833 3262 1062 3328; x_wconf 85' lang='lat' dir='ltr'><strong>heniensium</strong></span> <span class='ocrx_word' id='word_1_227' title='bbox 1053 3284 1110 3326; x_wconf 81' lang='lat' dir='ltr'><strong>rm-</strong></span> 
     </span>
     <span class='ocr_line' id='line_1_33' title="bbox 107 3314 1110 3438; baseline 0 -22"><span class='ocrx_word' id='word_1_228' title='bbox 107 3355 275 3437; x_wconf 89' lang='lat' dir='ltr'><strong>potentem</strong></span> <span class='ocrx_word' id='word_1_229' title='bbox 297 3350 551 3416; x_wconf 89' lang='lat' dir='ltr'><strong>dominationem</strong></span> <span class='ocrx_word' id='word_1_230' title='bbox 573 3314 799 3438; x_wconf 77' lang='lat' dir='ltr'><strong>refringerent,</strong></span> <span class='ocrx_word' id='word_1_231' title='bbox 828 3357 1003 3437; x_wconf 90' lang='lat' dir='ltr'><strong>postquam</strong></span> <span class='ocrx_word' id='word_1_232' title='bbox 1025 3352 1110 3435; x_wconf 86' lang='lat' dir='ltr'><strong>apud</strong></span> 
     </span>
     <span class='ocr_line' id='line_1_34' title="bbox 107 3437 1138 3526; baseline -0.01 -21"><span class='ocrx_word' id='word_1_233' title='bbox 107 3439 217 3526; x_wconf 84' lang='lat' dir='ltr'><strong>Aegos</strong></span> <span class='ocrx_word' id='word_1_234' title='bbox 245 3439 363 3504; x_wconf 88' lang='lat' dir='ltr'><strong>flumen</strong></span> <span class='ocrx_word' id='word_1_235' title='bbox 390 3437 556 3523; x_wconf 83' lang='lat' dir='ltr'><strong>Lysander</strong></span> <span class='ocrx_word' id='word_1_236' title='bbox 583 3440 696 3505; x_wconf 88' lang='lat' dir='ltr'><strong>classis</strong></span> <span class='ocrx_word' id='word_1_237' title='bbox 724 3440 878 3505; x_wconf 82' lang='lat' dir='ltr'><strong>hostium</strong></span> <span class='ocrx_word' id='word_1_238' title='bbox 900 3443 959 3500; x_wconf 71' lang='lat' dir='ltr'><strong>est</strong></span> <span class='ocrx_word' id='word_1_239' title='bbox 980 3438 1138 3519; x_wconf 52' lang='lat' dir='ltr'><strong>sesses</strong></span> 
     </span>
     <span class='ocr_line' id='line_1_35' title="bbox 106 3519 1170 3618; baseline -0.022 -26"><span class='ocrx_word' id='word_1_240' title='bbox 106 3527 189 3593; x_wconf 90' lang='lat' dir='ltr'><strong>nihil</strong></span> <span class='ocrx_word' id='word_1_241' title='bbox 216 3527 303 3593; x_wconf 87' lang='lat' dir='ltr'><strong>aliud</strong></span> <span class='ocrx_word' id='word_1_242' title='bbox 329 3527 464 3595; x_wconf 86' lang='lat' dir='ltr'><strong>molitus</strong></span> <span class='ocrx_word' id='word_1_243' title='bbox 494 3531 547 3596; x_wconf 90' lang='lat' dir='ltr'><strong>est</strong></span> <span class='ocrx_word' id='word_1_244' title='bbox 575 3551 680 3618; x_wconf 88' lang='lat' dir='ltr'><strong>quam</strong></span> <span class='ocrx_word' id='word_1_245' title='bbox 703 3533 749 3596; x_wconf 82' lang='lat' dir='ltr'><strong>ut</strong></span> <span class='ocrx_word' id='word_1_246' title='bbox 775 3545 900 3593; x_wconf 80' lang='lat' dir='ltr'><strong>omues</strong></span> <span class='ocrx_word' id='word_1_247' title='bbox 926 3519 1096 3583; x_wconf 56' lang='lat' dir='ltr'><strong>exuste-‘see</strong></span> <span class='ocrx_word' id='word_1_248' title='bbox 1118 3524 1170 3561; x_wconf 61' lang='lat' dir='ltr'><strong>m</strong></span> 
     </span>
    </p>
   </div>
   <div class='ocr_carea' id='block_1_5' title="bbox 0 0 1234 3848">
    <p class='ocr_par' dir='ltr' id='par_1_5' title="bbox 0 0 1234 3848">
     <span class='ocr_line' id='line_1_36' title="bbox 0 0 1234 3848; baseline 0 0"><span class='ocrx_word' id='word_1_249' title='bbox 0 0 1234 3848; x_wconf 95' lang='lat' dir='ltr'><strong> </strong></span> 
     </span>
    </p>
   </div>
  </div>
 </body>
</html>
