2460 3848
149 172 191 235 82
462 170 521 224 XX.
540 121 736 224 TIlloLuon.
767 173 790 225 1.
811 175 835 224 2.

464 352 541 424 XX.
570 349 826 422 TIMOLEON

114 493 131 557 1
235 490 404 555 'limoleon
417 488 613 555 Corinthius.
644 488 713 552 sine
732 488 830 553 dubio
853 510 991 576 magnus
1006 491 1151 556 omnium

148 580 265 645 iudicio
297 579 350 643 hic
377 578 427 642 vir
455 576 591 641 exstitit.
635 598 774 660 namque
806 576 883 641 huic
914 578 970 642 uni
1002 582 1078 643 cont
1079 578 1152 664 igit,

148 668 234 753 quod
251 666 359 731 nescio
379 688 421 730 an
436 665 528 750 nulli,
545 668 583 729 ut
601 667 634 728 et
652 665 830 748 patriam,
820 687 855 728 m
874 686 938 747 qua
956 670 1027 730 erat
1045 671 1152 769 natus,

149 776 337 841 oppressam
361 776 380 818 a
402 757 540 854 tyranno
559 752 722 838 liberaret,
746 756 780 816 et
798 774 817 817 a
836 750 1059 838 Syracusanis,
1083 756 1153 838 qui·

148 847 208 910 bus
233 843 352 908 auxilio
376 845 447 906 erat
469 842 602 923 missus,
631 841 697 904 iam
724 840 939 906 inveteratam
962 843 1153 909 servitutem

148 932 322 1016 depelleret
340 934 509 1013 totamque
529 891 682 1012 Siciliam,
705 929 827 994 multos
842 951 943 995 annos
961 930 1046 996 bello
1061 953 1154 997 vexa-

148 1026 217 1085 tam
241 1042 260 1083 a
282 1019 492 1102 barbarisque
516 1037 720 1101 oppressam,
743 1038 801 1082 suo
825 1018 997 1083 adventu
987 1040 1022 1083 m
1044 1019 1155 1103 pristi-

113 1124 129 1170 ι
148 1130 226 1173 num
245 1108 440 1172 restitueret
472 1105 528 1170 sed
546 1105 581 1168 in
597 1104 649 1168 his
668 1106 764 1169 rebus
782 1127 849 1170 non
862 1105 1003 1190 simplici
1021 1106 1154 1173 fortuna

149 1196 353 1262 conflictatus
377 1197 427 1258 est
458 1197 499 1277 et,
531 1193 564 1257 id
587 1193 672 1276 quod
695 1191 859 1258 difficilius
881 1198 1025 1278 putatur,
1048 1196 1154 1261 multo

150 1283 328 1367 sapientius
355 1281 432 1346 tulit
462 1281 634 1346 secundam
657 1302 754 1363 quam
781 1282 951 1346 adversam
979 1281 1154 1350 fortunam

113 1387 225 1436 anam
253 1393 325 1436 cum
352 1369 454 1434 frater
482 1369 550 1434 eius
578 1369 808 1454 Timophanes,
836 1369 900 1435 dux
927 1393 946 1435 a
973 1369 1153 1437 Corinthiis

149 1460 306 1543 delectus,
336 1458 540 1541 tyrannidem
567 1479 625 1541 per
652 1457 773 1521 milites
802 1458 1039 1524 mercennarios
1063 1481 1155 1525 occu·

149 1551 271 1700 llll
289 1550 1004 1717 {delendamdunstan
1021 1551 1155 1701 {llll

149 1725 336 1788 libertatem
363 1722 475 1787 fratris
503 1722 601 1786 saluti
630 1726 663 1786 et
691 1743 804 1806 parere
826 1723 953 1808 legibus
977 1744 1074 1806 quam
1096 1724 1155 1788 im·

113 1823 263 1896 dperare
291 1811 415 1896 patriae
444 1810 546 1875 satius
574 1810 710 1875 duxerit
754 1810 815 1875 hac
842 1815 950 1876 mente
976 1833 1035 1896 per
1060 1812 1156 1878 haru-

150 1901 273 1984 spicem
301 1920 565 1981 communemque
594 1897 737 1981 affinem,
767 1899 819 1963 cui
847 1920 939 1964 soror
965 1920 1005 1964 ex
1034 1900 1155 1966 eisdem

150 1992 266 2070 parent
252 1988 340 2051 tibus
363 1991 441 2050 nata
449 1991 565 2137 ,nupta
588 1992 672 2070 erat,
699 1985 834 2050 fratrem
861 1991 1036 2070 tyrannum
1058 1989 1156 2053 inter·

149 2075 325 2140 ficiundum
349 2074 482 2139 curavit.
516 2074 585 2157 ipse
603 2096 670 2139 non
688 2074 783 2138 modo
806 2096 921 2140 manus
942 2098 1010 2142 non
1032 2077 1157 2161 attulit,

151 2163 207 2227 sed
229 2184 270 2227 ne
293 2161 437 2245 aspicere
461 2161 590 2244 quidem
617 2161 796 2227 fraternum
824 2163 1014 2250 sanguinem
1040 2164 1155 2229 voluit.

150 2273 227 2316 nam
254 2250 330 2315 dum
357 2271 408 2315 res
436 2249 662 2334 conficeretur,
693 2250 842 2333 procul
832 2272 867 2315 ιιι
893 2252 1053 2337 praesidio
1081 2251 1156 2338 luit,

116 2353 191 2404 sne
219 2339 295 2440 quis,
319 2338 448 2403 satelles
476 2341 588 2421 posset
616 2360 809 2403 succurrere
853 2338 915 2404 hoc
938 2340 1156 2424 praeclarissi-

152 2449 241 2492 mum
269 2427 337 2492 eius
364 2426 487 2492 factum
513 2448 579 2490 non
605 2427 677 2510 pari
706 2427 802 2491 modo
833 2428 1008 2511 probatum
1035 2432 1087 2494 est
1114 2429 1156 2493 ab

153 2516 316 2580 omnibus:
338 2515 484 2580 nonnulli
507 2514 594 2578 enim
616 2514 737 2580 laesam
760 2516 801 2579 ab
825 2537 862 2580 eo
885 2517 1042 2599 pietatem
1063 2521 1157 2601 puta·

152 2604 232 2667 bant
262 2607 295 2667 et
326 2602 448 2668 invidia
478 2603 607 2667 laudem
638 2603 770 2668 virtutis
805 2603 1006 2669 obterebant.
1052 2609 1157 2669 mater

152 2711 228 2755 vero
256 2694 332 2773 post
359 2690 392 2754 id
418 2690 542 2756 factum
567 2712 671 2774 neque
699 2692 830 2755 domum
857 2691 897 2755 ad
920 2713 954 2756 se
977 2692 1081 2757 filium
1104 2694 1157 2758 ad-

153 2777 244 2843 misit
266 2799 369 2860 neque
391 2781 526 2864 aspexit,
549 2779 627 2862 quin
645 2801 719 2843 eum
736 2778 938 2844 fratricidam
956 2779 1158 2865 impiumque

118 2868 318 2932 adstestans
351 2867 569 2950 compellaret.
619 2867 736 2950 quibus
773 2868 869 2931 rebus
906 2868 962 2932 ille
995 2869 1073 2935 adeo
1106 2873 1159 2934 est

154 2957 345 3040 commotus,
368 2958 405 3018 ut
427 2976 669 3037 nonnumquam
692 2954 778 3020 ritae
801 2955 900 3019 finem
922 2955 1027 3020 facere
1050 2958 1159 3021 volue-

154 3044 199 3107 rit
227 3046 324 3125 atque
351 3064 390 3106 ex
416 3042 619 3128 ingratorum
650 3043 819 3107 hominum
849 3048 1024 3127 conspectu
1053 3052 1159 3110 morte

155 3131 315 3196 decedere.

118 3218 140 3282 2
242 3217 379 3283 Interim
397 3217 501 3283 Dione
521 3217 689 3302 Syracusis
708 3217 880 3283 interfecto
895 3219 1073 3302 Dionysius
1092 3243 1160 3286 ιιιι-

155 3329 209 3371 sus
235 3304 467 3390 Syracusarum
495 3307 622 3392 potitus
646 3311 705 3372 est.
751 3307 841 3371 cuius
865 3307 1041 3373 adversarii
1065 3331 1161 3394 opem

155 3393 366 3460 aOorinthiis
384 3396 548 3478 petienmt
572 3396 757 3479 ducemque,
780 3416 843 3477 quo
866 3396 902 3458 in
923 3396 1010 3461 bello
1034 3400 1161 3462 uteren-

154 3488 216 3564 tur,
234 3483 456 3566 postularunt.
492 3483 555 3548 huc
578 3483 748 3549 Timoleon
771 3482 889 3548 missus
912 3483 1094 3549 incredibili
1116 3484 1162 3550 fe·
