2460 3848
111 178 176 242 10ss
420 184 506 242 xxv,
525 186 689 247 ATTIGUS.
718 195 759 244 10.
780 195 821 245 11.

107 328 166 386 aut
189 322 366 412 perieuleb
393 326 603 416 habebatque
627 355 736 399 seeum
761 334 798 411 Q.
823 333 964 400 Gellium
986 332 1123 420 (lanum,

72 412 281 495 inequalem
302 414 571 502 simillimumque
595 422 654 485 eui.
698 423 761 487 hoe
785 444 912 507 quoque
935 422 1041 488 Attici
1065 425 1123 488 bo·

109 502 229 567 nitetis
245 503 440 589 exemplum,
460 508 546 590 quod
565 530 639 573 eum
657 531 705 595 eo,
724 532 819 594 quem
837 532 973 595 puerum
991 512 1027 575 iu
1044 512 1122 578 lude

109 594 281 673 «amitat,
303 590 383 658 adeo
407 595 579 661 uouiunete
602 598 693 682 vixit,
716 603 753 663 ut
776 599 817 663 ad
839 603 1018 664 extremam
1037 604 1123 664 aeta-

75 684 179 741 elau
206 677 355 744 eruieitia
382 703 495 748 eorum
524 686 669 750 ereverit.
713 686 877 752 Antonius
905 691 1028 773 eutem,
1058 689 1123 753 etsi

111 768 207 831 laerte
230 765 305 832 edio
329 767 497 838 ferebatur
519 773 554 838 in
576 773 777 858 Ciceronem,
806 779 932 840 utnon
954 776 1060 841 solum
1083 776 1123 861 ei,

110 850 169 919 sunl
191 852 295 920 etiam
318 859 470 925 omnibus
495 861 563 926 eius
587 863 698 927 amieis
722 867 809 928 esset
831 863 981 929 iuimieus
1002 885 1122 948 eosque

111 937 212 1007 rellet
243 947 448 1028 proscribere
477 950 589 1015 multis
621 951 845 1036 hortantibus,
877 955 988 1017 tamen
1015 951 1123 1018 Attici

112 1048 239 1096 uremur
256 1032 322 1099 fuit
341 1036 441 1102 officii
455 1042 489 1102 et
507 1038 545 1122 ei,
569 1060 642 1104 eum
659 1039 858 1124 requisisset,
880 1040 1013 1105 ubinam
1027 1044 1124 1125 esset,

113 1135 173 1184 sua
191 1141 292 1189 mauu
310 1125 451 1211 scripsit,
468 1147 509 1191 ne
528 1126 659 1191 timeret
677 1127 854 1210 statimque
873 1128 914 1193 ad
933 1129 1122 1194 reveniret:

113 1225 148 1272 se
170 1229 246 1275 eum
265 1216 299 1276 et
318 1214 387 1279 eius
406 1236 503 1279 eausa
517 1213 641 1281 (lanum
660 1214 698 1279 de
715 1216 974 1300 proscriptorum
986 1238 1121 1282 numero
1218 1274 1220 1281 .

114 1299 282 1365 exemisse.
315 1324 411 1404 aene
430 1303 516 1405 quoti
533 1303 716 1405 perieulum·
731 1304 895 1405 incideret,
920 1305 1005 1405 quod
1022 1309 1123 1370 noctu

79 1382 235 1542 ‘itta
262 1391 462 1546 ttlttt
489 1395 652 1564 3312?le
679 1390 973 1564 lfflifulull
995 1414 1123 1546 ,affl

116 1583 207 1630 mum
229 1567 372 1633 habebat
402 1567 563 1652 praesidio
586 1567 651 1631 fuit
675 1569 790 1650 [neque
814 1568 900 1633 enim
919 1590 996 1634 suae
1015 1570 1122 1634 solum

116 1673 137 1715 a
168 1675 333 1740 quoquam
365 1619 520 1721 iuxilium
551 1655 648 1740 petiit
679 1657 813 1741 salutis,
845 1657 902 1722 sed
934 1657 1123 1742 eoniuneti],

116 1744 155 1806 ut
183 1748 353 1829 appareret
379 1746 503 1809 nullam
531 1745 710 1809 seiunctam
741 1745 804 1809 sibi
827 1745 868 1809 ab
893 1766 930 1809 eo
953 1745 1035 1810 velle
1058 1746 1123 1810 for·

81 1835 241 1898 etunem.
287 1833 402 1918 quodsi
429 1832 627 1920 gubernator
655 1833 828 1916 praecipue
857 1833 952 1898 laude
982 1833 1123 1919 effertur,

119 1922 175 2004 qui
201 1944 317 1987 navem
344 1943 383 1986 ex
408 1921 514 1986 hieme
542 1920 687 2004 merique
715 1921 885 2005 scopuloso
915 1925 1035 2007 servat,
1067 1944 1124 1988 eur

117 2030 184 2074 non
207 2009 380 2110 singularis
404 2009 472 2074 eius
496 2008 906 2111 existimetur-prudentia,
930 2010 986 2094 qui
1009 2032 1048 2112 ex
1071 2014 1124 2076 tot

118 2100 251 2198 tamque
274 2097 426 2182 gravibus
450 2096 601 2180 proeelhs
625 2097 774 2161 ervrhbus
798 2097 838 2161 ad
862 2098 1123 2163 meolumrtatem

67 2186 332 2350 llpemllliiibus
355 2294 395 2337 ex
417 2271 512 2336 malis
534 2275 573 2336 ut
595 2292 630 2336 se
653 2272 799 2357 emersit,
830 2272 913 2337 nihil
943 2274 1032 2339 aliud
1054 2274 1123 2359 egit

120 2384 217 2465 quam
239 2365 396 2444 utquam
421 2359 587 2461 plurimis,
617 2359 857 2462 quibusnrebus
884 2366 1010 2447 posset,
1037 2366 1124 2428 esset

120 2453 249 2516 auxilio.
295 2471 368 2551 eum
389 2452 590 2550 proscriptus
617 2469 771 2549 praemus
798 2455 1034 2552 rmperaterum
1056 2451 1124 2514 rul-

119 2560 180 2624 gus
204 2542 422 2640 eenqmreret,
444 2557 598 2638 nomem
619 2535 757 2621 Epirum
779 2540 883 2622 vemt,
906 2560 958 2640 em
980 2559 1032 2603 res
1055 2538 1124 2603 ulla

120 2627 270 2692 defuent:
302 2647 424 2726 nemim
449 2645 516 2726 nen
542 2624 589 2688 1b1
614 2629 771 2726 perpetue
799 2626 949 2727 maneptlr
976 2628 1123 2728 potestas

84 2716 317 2885 little
330 2712 1125 2868 tttttPtfftttttltlptttt

119 2891 320 2977 praetorium
342 2893 376 2954 et
398 2889 502 2953 filium
525 2889 594 2954 eius
612 2887 796 2974 Aulumque
817 2889 1019 2975 Torquatum
1041 2895 1125 2956 eete-

119 3001 237 3063 rosque
268 2977 340 3062 pari
372 2976 503 3043 fortuna
533 2977 699 3060 perculsos
732 2978 877 3043 instituit
909 2979 993 3043 tueri
1026 2983 1125 3063 atque

121 3090 160 3132 ex
181 3067 283 3150 Epiro
306 3065 347 3131 iis
371 3065 479 3131 omnia
503 3062 780 3131 Samothraeeiam
804 3067 991 3151 supportari
1018 3067 1125 3132 iussit.

85 3171 101 3220 a
120 3155 251 3220 difficile
275 3158 326 3219 est
349 3154 458 3218 omniu
480 3153 630 3238 persequi
649 3158 683 3218 et
700 3175 767 3219 non
784 3155 1012 3220 necessarium
1043 3155 1124 3222 illud

119 3265 220 3309 unum
251 3242 399 3342 intellegi
430 3242 598 3343 volumus,
633 3242 723 3343 illius
759 3243 990 3344 liberalitatem
1021 3264 1125 3327 neque

85 3335 351 3431 stemporarram
373 3351 480 3430 neque
500 3331 652 3431 callidam
674 3329 783 3395 imese.
820 3330 853 3396 id
872 3352 910 3395 ex
927 3351 1009 3415 rps1s
1028 3332 1126 3432 rebus

106 3418 715 3591 50⁰,tttsstltttttttttzt
729 3419 907 3571 lttttt
925 3419 1127 3591 lilllll
