2460 3848
154 227 197 290 ‘10
478 224 562 279 XVII.
580 222 784 278 AGESILAUS.
813 231 837 280 8.

153 371 272 456 ignoti,
303 369 420 434 faciem
447 369 515 434 eius
544 391 617 433 cum
647 368 862 452 intuerentur,
890 369 1155 452 contemnebant3

154 460 209 542 qui
232 462 341 523 autem
368 458 506 522 virtutes
532 460 703 540 noverant,
729 478 795 522 non
821 460 974 540 poterant
1001 457 1155 521 admirari

119 564 135 612 2
154 547 244 611 satis.
276 546 362 629 quod
380 546 410 610 ei
427 568 488 609 usu
506 546 603 628 venit,
627 566 700 610 cum
719 566 876 609 annorum
895 546 1064 629 octoginta
1082 546 1155 609 sub-

154 635 236 699 sidio
255 634 364 698 Tacho
387 634 422 696 in
439 633 626 718 Aegyptum
648 634 761 697 missus
779 636 865 698 esset
883 636 917 698 et
934 634 970 697 in
988 637 1061 698 acta
1081 655 1156 698 cum

154 724 221 788 suis
249 721 451 788 accubuisset
479 721 548 786 sine
574 721 642 785 ullo
669 723 757 784 tecto
787 724 990 804 stratumque
1019 721 1155 786 haberet

153 812 233 895 tale,
259 815 297 875 ut
324 814 412 874 terra
438 813 526 874 tecta
553 812 639 873 esset
667 811 855 873 stramentis
877 831 981 892 neque
1003 809 1067 874 huc
1090 831 1155 874 am·

152 900 238 983 plius
267 920 364 982 quam
390 899 485 982 pellis
514 901 600 962 esset
627 896 759 981 iniecta,
786 896 898 962 eodem
926 919 990 980 quo
1018 898 1154 963 comites

153 1009 265 1052 omnes
288 986 409 1051 vestitu
431 985 548 1050 humili
571 988 668 1068 atque
692 986 849 1069 obsoleto,
871 988 909 1049 ut
931 1007 1043 1051 eorum
1064 1008 1156 1051 orna

153 1079 207 1140 tus
229 1097 295 1140 non
317 1074 412 1140 modo
436 1075 535 1138 ineis
558 1094 668 1158 regem
685 1073 848 1138 neminem
867 1074 1075 1158 significaret,
1099 1074 1155 1139 sod

152 1163 301 1228 homines
324 1183 471 1228 essenon
497 1162 705 1225 beatissimos
736 1162 952 1245 suspicionem
974 1163 1155 1246 praeberet.

117 1251 248 1316 ahuius
277 1250 315 1315 de
343 1251 482 1314 adventu
508 1249 595 1313 fama
622 1271 696 1314 cum
718 1250 758 1313 ad
778 1250 889 1334 regios
912 1254 998 1314 esset
1020 1251 1156 1335 perlata,

154 1340 301 1404 celeriter
324 1360 457 1403 munera
480 1359 517 1403 eo
541 1338 695 1422 cuiusque
718 1337 846 1422 generis
865 1342 941 1403 sunt
960 1338 1067 1403 allata
1101 1338 1154 1402 his

154 1427 383 1510 quaerentibus
397 1426 588 1510 Agesilaum
605 1426 659 1490 vix
677 1425 756 1490 fides
779 1426 865 1490 facta
885 1430 944 1511 est,
967 1449 1066 1491 unum
1084 1448 1155 1492 esso

117 1531 193 1580 rex
223 1515 263 1579 iis
300 1515 356 1598 qui
385 1519 457 1578 tum
484 1514 693 1579 accubabant.
748 1515 804 1596 qui
832 1536 904 1578 cum
931 1514 1018 1600 regis
1046 1516 1154 1580 verbis

154 1626 235 1687 quae
264 1603 442 1668 attulerant
473 1602 649 1686 dedissent,
680 1602 736 1665 ille
767 1605 896 1685 praeter
923 1602 1094 1667 vitulinam
1121 1606 1156 1668 et

154 1693 221 1757 eius
245 1692 332 1756 modi
356 1713 474 1776 genera
497 1691 634 1774 obsonii,
657 1711 738 1774 quae
756 1711 908 1773 praesens
928 1694 1055 1775 tempus
1074 1691 1156 1756 desi·

154 1780 296 1864 derabat,
314 1780 397 1844 nihil
416 1780 555 1863 accepit:
577 1781 751 1864 unguenta,
770 1801 905 1844 coronas
920 1778 1156 1863 secundamque

119 1883 299 1932 5111111111
327 1868 428 1932 servis
456 1867 632 1951 dispertiit,
664 1870 771 1931 cetera
797 1866 911 1932 referri
941 1867 1046 1932 iussit.
1091 1890 1155 1951 quo

154 1956 240 2020 facto
264 1978 338 2019 eum
360 1955 490 2019 barbari
513 1955 618 2039 magis
642 1955 742 2019 etiam
765 1959 1042 2040 contempserunt,
1070 1956 1156 2039 quod

155 2065 228 2107 eum
242 2043 429 2127 ignorantia
441 2043 601 2106 bonarum
614 2064 722 2106 rerum
737 2042 815 2106 vilia
828 2043 1036 2127 potissimum
1050 2065 1157 2128 sump-

155 2131 235 2194 sisse
259 2130 510 2193 arbitrabantur.

119 2234 135 2283 o
242 2217 305 2282 Hic
325 2240 397 2283 cum
416 2241 455 2282 ex
468 2217 619 2302 Aegypto
638 2221 862 2303 reverteretur,
884 2218 1022 2284 donatus
1041 2240 1060 2283 a
1078 2241 1155 2306 rege

155 2306 376 2372 Nectanabide
395 2305 541 2372 ducentis
560 2306 676 2392 viginti
694 2308 837 2391 talentis,
861 2329 942 2390 quae
961 2308 1016 2372 ille
1031 2309 1157 2372 muneri

154 2396 274 2480 populo
298 2416 356 2460 suo
379 2394 479 2479 daret,
502 2394 705 2478 venissetque
727 2396 762 2459 in
778 2399 920 2481 portum,
943 2395 1157 2479 qui-Menelai

155 2488 302 2567 vocatur,
324 2483 432 2548 iacens
455 2484 541 2547 inter
564 2480 706 2567 Cyrenas
730 2487 763 2548 et
785 2483 987 2569 Aegyptum,
1016 2484 1051 2548 in
1073 2507 1157 2550 mor·

120 2571 602 2654 7111111111111111111111.
636 2573 775 2636 ibicum
798 2573 902 2657 amici,
925 2593 989 2656 quo
1005 2570 1157 2657 Spartam

154 2657 281 2723 facilius
304 2659 445 2743 perferre
463 2664 605 2744 possent,
629 2660 714 2743 quod
728 2660 792 2724 mel
804 2681 872 2725 non
887 2660 1061 2747 habebant,
1084 2683 1158 2727 cera

156 2747 428 2813 circumfuderunt
451 2752 548 2832 atque
571 2749 619 2812 ita
642 2749 773 2813 domum
792 2749 997 2814 rettulerunt.

462 3049 591 3125 XVIII.
619 3050 858 3123 EUMENES.

121 3188 140 3252 1
242 3185 404 3251 Eumenes
432 3185 618 3253 Cardianus.
663 3189 759 3254 huius
789 3190 816 3253 si
843 3189 959 3254 virtuti
991 3211 1051 3274 par
1082 3190 1160 3256 data

157 3278 242 3340 esset
264 3274 409 3374 fortuna,
431 3297 497 3340 non
519 3276 574 3377 ille
599 3276 728 3378 quidem
751 3277 854 3342 maior
876 3279 1049 3363 1111111111,
1073 3279 1159 3363 quod

118 3363 466 3515 natatur?
478 3369 582 3536 1111
584 3365 946 3519 ttdttattl
944 3372 1073 3451 Μ
1086 3366 1162 3522 att

87 3589 92 3604 ,
135 3538 234 3596 aetas
255 3537 330 3601 eius
349 3539 526 3607 incidisset
545 3542 580 3608 in
599 3565 639 3609 ea
656 3546 818 3628 tempora,
839 3543 957 3626 quitus
968 3541 1163 3610 Macedones
