2460 3848
127 189 173 253 40
379 167 381 170 ’
507 181 537 240 1γ
559 185 656 242 mon.
685 193 709 240 1.
730 191 754 240 r.

128 334 251 398 talibus
273 331 479 415 pactionibus
501 352 615 415 pacem
637 335 794 414 tyrannus
817 330 922 396 facere
945 331 1057 395 vellet:
1085 329 1133 397 Si-

130 423 238 488 ciliam
265 419 352 485 Dion
379 420 555 502 obtineret,
582 417 713 483 Italiam
735 417 926 505 Dionysius,
954 417 1132 503 Syracusas

91 514 92 517 ’
129 510 365 595 Apollocrates,
380 508 431 572 cui
445 507 619 572 maximam
632 507 729 571 fidem
738 507 795 572 uni
808 507 958 572 habebat.
977 506 1134 574 Dionae*

92 599 115 663 6
217 596 286 662 Has
314 601 382 660 tam
409 617 581 681 prosperas
610 598 741 679 tamque
768 596 952 680 inopinatas
980 617 1032 660 res
1060 617 1134 662 oon·

130 691 241 752 secuta
263 689 314 750 est
337 685 446 749 subita
468 684 694 768 commutatio,
722 684 809 768 quod
831 683 963 749 fortuna
986 706 1044 748 sua
1067 707 1134 753 mo·

129 776 273 858 bilitate,
304 795 401 857 quem
432 773 529 857 paulo
561 776 636 836 ante
664 772 837 857 extulerat,
869 773 1054 858 demergere
1082 778 1134 839 est

93 881 111 929 a
130 864 251 928 adorta
287 862 429 946 primum
452 861 486 924 in
508 860 585 942 filio,
608 861 646 924 de
671 882 734 943 quo
754 861 1003 925 commemorari
1026 882 1134 947 supra,

130 973 222 1017 suam
240 950 307 1015 rim
325 950 476 1014 exercuit.
507 970 583 1012 nam
597 970 671 1012 cum
689 970 822 1013 uxorem
840 949 1031 1034 reduxisset,
1050 971 1133 1033 quae

130 1040 186 1104 alii
212 1038 319 1103 fuerat
346 1037 480 1118 tradita,
508 1036 674 1120 filiumque
702 1037 800 1102 vellet
827 1058 976 1102 revocare
1004 1037 1044 1102 ad
1071 1038 1134 1103 rir-

129 1132 235 1193 tutem
257 1148 277 1190 a
298 1126 425 1209 perdita
447 1125 588 1208 luxuria,
617 1126 742 1210 accepit
764 1127 993 1210 gravissimum
1015 1148 1133 1211 parens

94 1217 245 1283 srulnus
265 1217 369 1278 morte
388 1213 456 1277 filii.
486 1213 598 1277 deinde
618 1217 690 1277 orta
708 1213 866 1279 dissensio
885 1218 937 1278 est
954 1214 1041 1279 inter
1059 1237 1133 1279 eum

130 1308 164 1369 et
185 1302 403 1386 Heraclidem,
431 1301 500 1386 qui,
527 1300 613 1384 quod
636 1302 665 1365 ei
692 1302 912 1386 principatum
933 1323 1000 1367 non
1023 1324 1133 1368 conce·

130 1392 236 1475 debat,
258 1390 433 1454 factionem
452 1389 661 1472 comparavit
697 1411 800 1473 neque
819 1390 848 1454 is
871 1390 978 1454 minus
1001 1391 1132 1456 valebat

130 1480 215 1564 apud
233 1479 416 1563 optimates,
435 1499 572 1561 quorum
591 1498 750 1543 consensu
767 1483 915 1562 praeerat
933 1479 1040 1563 classi,
1058 1502 1133 1545 cum

91 1568 217 1634 4Dion
249 1567 424 1631 exercitum
459 1565 643 1650 pedestrem
675 1569 809 1630 teneret.
861 1587 928 1631 non
960 1567 1038 1632 tulit
1069 1568 1133 1632 hoo

130 1657 238 1721 animo
261 1677 364 1739 aequo
387 1654 486 1739 Dion,
514 1657 547 1718 ot
573 1675 702 1719 versum
728 1654 822 1719 illum
844 1651 980 1719 Homeri
1002 1655 1133 1720 rettulit
1192 1669 1193 1672 ’

130 1767 169 1810 ex
192 1743 331 1809 secunda
354 1742 537 1827 rhapsodia,
558 1741 593 1806 in
616 1764 680 1826 quo
702 1742 782 1808 haec
801 1743 963 1808 sententia
981 1747 1044 1808 est:
1066 1765 1134 1808 non

129 1854 224 1918 posse
256 1833 337 1896 bene
369 1831 439 1917 geri
470 1852 540 1895 rem
574 1831 738 1914 publicam
770 1832 948 1896 multorum
978 1831 1134 1916 imperiis.

130 1921 217 2005 quod
248 1920 371 1984 dictum
398 1939 517 2004 magna
547 1919 669 1984 invidia
699 1923 871 1984 consecuta
898 1922 962 1984 est:
992 1941 1133 2004 namque

130 2008 295 2092 aperuisse
317 2007 487 2072 ridebatur
509 2007 618 2071 omnia
639 2007 674 2071 in
695 2028 754 2071 sua
770 2010 935 2091 potestate
954 2029 1024 2073 esse
1042 2009 1133 2072 velle.

94 2097 213 2162 ahane
240 2095 295 2158 ille
322 2115 389 2160 non
414 2094 515 2159 lenire
543 2095 713 2178 obsequio,
743 2094 799 2160 sed
827 2095 1004 2160 acerbitate
1028 2096 1133 2180 oppri-

131 2205 217 2248 mere
236 2182 370 2265 studuit,
392 2181 668 2266 Heraclidemque,
691 2204 765 2247 cum
784 2181 962 2267 Syracusas
980 2184 1133 2268 venisset,

130 2272 392 2337 interficiundum
415 2271 550 2336 curavit.

95 2361 115 2426 '1
220 2359 311 2436 Quod
330 2359 453 2425 factum
472 2359 621 2424 omnibus
640 2359 816 2425 marimum
834 2360 987 2426 timorem
1004 2359 1133 2425 iniecit:

129 2470 225 2514 nemo
240 2448 326 2512 enim
339 2448 397 2513 illo
410 2446 582 2512 interfecto
597 2468 632 2512 se
647 2451 756 2512 tutum
773 2448 920 2532 putabat.
952 2449 1009 2513 ille
1024 2451 1134 2512 autem

131 2536 313 2602 adversario
336 2539 461 2600 remoto
484 2535 635 2601 licentius
658 2556 770 2601 eorum
792 2536 887 2619 bona,
910 2558 991 2620 quos
1012 2537 1136 2601 sciebat

95 2624 283 2691 radversus
306 2645 341 2689 se
364 2625 512 2708 sensisse,
534 2624 694 2689 militibus
718 2624 910 2708 dispertivit.
950 2625 1067 2707 quibus
1090 2623 1135 2688 di·

130 2712 210 2778 visis
229 2733 302 2776 eum
321 2713 490 2778 cottidiani
513 2712 645 2777 maximi
667 2713 782 2776 fierent
805 2716 1004 2796 sumptus,c
988 2712 1137 2777 celeriter

130 2800 268 2884 pecnnia
290 2799 399 2865 deesse
412 2801 543 2902 coepit,
569 2821 686 2901 neque,
715 2821 778 2884 quo
802 2822 915 2865 manus
942 2801 1136 2886 porrigeret,

132 2888 327 2973 suppetebat
357 2889 422 2953 nisi
453 2889 488 2953 in
520 2889 697 2953 amicorum
728 2889 959 2973 possessiones.
1003 2888 1037 2952 id
1066 2887 1136 2953 eius

132 2977 219 3042 modi
247 2979 330 3061 erat,
359 2981 410 3061 ut,
438 2998 511 3041 cum
539 2977 661 3041 milites
689 2977 943 3061 reconciliasset,
971 2977 1138 3040 amitteret

95 3080 113 3129 1
133 3064 317 3149 optimates.
354 3086 491 3148 quarum
514 3086 623 3130 rerum
646 3087 723 3130 cura
740 3066 880 3150 angebat
882 3086 920 3130 ur
866 3027 972 3128 t’et
989 3065 1137 3129 insuetus

132 3154 216 3218 male
240 3153 389 3218 audiendi
411 3174 477 3218 non
500 3153 608 3217 animo
632 3174 734 3237 aequo
758 3153 893 3237 ferebat,
916 3153 954 3217 de
978 3173 1012 3218 se
1035 3153 1077 3217 ab
1096 3153 1137 3217 iis

132 3242 216 3305 male
239 3241 428 3325 existimari,
451 3262 589 3324 quorum
612 3241 709 3326 paulo
733 3245 808 3305 ante
830 3242 865 3306 in
888 3242 1013 3306 caelum
1031 3240 1139 3307 fuerat

132 3330 236 3393 slatus
259 3329 417 3394 laudibus.
449 3328 565 3415 vulgus
586 3334 695 3394 autem
714 3329 835 3394 offensa
853 3329 888 3394 in
902 3351 976 3394 eum
995 3330 1139 3394 militnm

131 3417 299 3481 voluntate
322 3416 456 3481 liberius
480 3417 675 3500 loquebatur
696 3421 729 3482 et
751 3421 926 3501 tyrannum
949 3440 1015 3483 non
1037 3417 1139 3483 feren-

122 3504 202 3566 dam
226 3504 412 3571 dictitabat.
