2460 3848
380 190 440 246 VII.
459 190 679 248 ALCIBIADES.
708 195 787 247 Μ.
1052 191 1095 256 2Ἰ

91 357 173 419 quae
200 339 276 419 capt
278 356 315 399 ae
342 335 376 398 in
402 335 549 399 hostium
575 339 729 400 venerant
756 339 866 420 potest
867 340 963 401 atem.
1008 335 1095 404 Alci·
1114 355 1130 403 6

90 424 201 489 biades
221 423 317 488 simul
332 445 406 487 eum
406 423 553 574 tcollegis
572 428 738 507 receperat
750 423 878 489 Ioniam
878 423 1095 510 ‚Hellespon-

90 516 171 595 tum,
189 512 309 576 multas
327 515 495 595 praeterea
512 511 609 576 urbes
625 508 774 597 Graecas,
793 534 874 596 quae
888 513 924 577 in
937 535 994 576 ora
1012 513 1094 578 sitae

90 604 168 664 sunt
186 599 370 683 Thraeciae,
388 619 524 681 quarum
543 604 767 684 expugnarant
785 601 1004 686 compluress
994 623 1030 665 m
1048 601 1094 665 eis
1168 649 1186 664 2

90 687 296 771 Byzantium,
313 709 417 770 neque
436 687 542 752 minus
561 688 645 752 mult
631 692 682 752 tas
701 688 837 754 consilio
857 690 897 753 ad
914 689 1094 754 amicitiam

91 775 312 859 adiunxerant,
330 775 443 859 quod
433 797 468 839 m
486 780 561 859 capt
563 797 599 840 os
547 776 791 842 tclementia
808 776 937 842 fuerant
955 777 1015 842 usi.
1046 777 1095 841 ita
1113 794 1130 843 s

90 865 210 948 praeda
219 864 327 928 onust1
328 864 550 948 locupletato
560 864 712 948 exerc1tu
727 886 876 930 maxrmrs
886 865 982 930 rebus
992 870 1065 952 ges
1066 865 1094 929 ιι

91 951 238 1017 Athenas
261 956 426 1017 venerunt.

179 1040 241 1104 His
265 1062 338 1106 eum
362 1040 491 1105 obviam
513 1040 664 1105 universa
687 1041 831 1106 civitas
821 1063 856 1107 m
873 1040 1026 1106 Piraeum
1044 1041 1095 1106 de·
1111 1043 1135 1126 Ι6

91 1129 278 1213 scendisset,
300 1132 394 1193 tanta
415 1127 480 1192 fuit
501 1129 646 1194 omnium
669 1130 869 1214 exspectatio
892 1129 1016 1195 visendi
1039 1129 1095 1193 Al·

90 1218 236 1301 cibiadis,
253 1180 292 1280 ιιι
306 1217 387 1281 ad
359 1237 428 1280 erus
448 1215 614 1282 triremem
627 1217 744 1318 vulgus
758 1217 944 1303 conflueret,
960 1217 1095 1303 proinde

91 1307 180 1372 saci
204 1306 293 1370 solus
316 1304 507 1369 advenisset
549 1305 595 1370 sic
618 1305 705 1371 enim
727 1306 848 1390 populo
871 1310 943 1371 erat
964 1327 1095 1391 persua·
1113 1325 1129 1372 2

91 1417 178 1477 sum,
209 1392 419 1458 etadversas
452 1393 633 1477 superiores
661 1397 695 1457 ιι
705 1398 910 1480 praesentes
938 1395 1094 1460 secundas

90 1504 143 1547 res
161 1481 362 1546 accidisse'
335 1503 402 1545 erus
422 1503 528 1566 opera.
564 1481 675 1564 itaque
698 1473 732 1546 ιι
749 1483 943 1548 moratam
929 1503 965 1548 aa
983 1480 1095 1548 Sicilia

91 1570 248 1635 amissum
275 1573 309 1633 ιι
334 1567 662 1634 Lacedaemoniorum
691 1570 845 1636 victorias
875 1571 989 1655 culpae
1018 1591 1095 1635 suae

91 1658 279 1723 tribuebant
264 1657 408 1741 t‚quod
434 1658 535 1723 talem
562 1657 667 1721 virum
690 1679 707 1721 e
730 1658 863 1722 civitate
886 1658 1097 1741 expulissent.

90 1768 194 1830 neque
216 1747 250 1810 id
274 1709 342 1810 sine
365 1766 463 1810 causa
485 1744 640 1809 arbitrari
661 1745 863 1810 ridebantur.
907 1767 984 1810 nam
1006 1749 1095 1829 post

92 1856 189 1934 quam
211 1833 367 1898 exercitui
389 1853 537 1916 praeesse
561 1837 724 1918 coeperat
751 1854 854 1917 neque
882 1837 971 1898 terra
992 1854 1125 1916 neque

92 1944 175 1987 man
166 1921 304 1986 'hostes
322 1942 416 2004 pares
436 1943 506 1985 esse
524 1925 706 2004 potuerant
735 1921 790 1986 hic
808 1926 846 1986 ut
863 1943 881 1986 e
898 1922 973 1986 navi
992 1942 1097 2008 egres·
1115 1941 1131 1989 3

92 2032 147 2074 sus
166 2013 225 2093 est,
244 2030 440 2093 quamquam
453 2008 668 2074 Theramenes
686 2013 720 2074 et
733 2009 957 2111 Thrasybulus
975 2010 1096 2074 eisdem

91 2099 189 2163 rebus
202 2097 409 2181 praefuerant
423 2097 583 2182 simulque
596 2098 775 2163 venerant
765 2120 800 2162 m
813 2097 1002 2183 Piraeum,t
1003 2119 1094 2162 amen

91 2208 191 2251 unum
210 2207 321 2251 omnes
344 2185 437 2250 illum
459 2187 747 2270 prosequebantur,
774 2189 816 2271 et,
838 2186 872 2251 id
898 2186 985 2271 quod
1006 2208 1097 2251 num·

91 2295 189 2358 quam
212 2279 307 2339 antea
329 2296 391 2339 usu
413 2278 546 2338 venerat
562 2275 627 2338 nisi
646 2273 815 2358 Olympiae
834 2275 1023 2357 victoribus,
1046 2295 1097 2338 co·

90 2363 180 2426 ronis
193 2362 312 2427 laureis
326 2362 507 2445 taeniisque
520 2362 617 2447 vulgo
632 2362 822 2427 donabatur.
846 2363 902 2426 ille
922 2362 1096 2427 lacrimans

91 2450 192 2514 talem
214 2450 467 2515 benivolentiam
490 2449 609 2514 civium
632 2471 765 2515 suorum
788 2450 981 2533 accipiebat,
1003 2449 1096 2513 remi·

90 2538 219 2603 nisaeus
246 2537 377 2621 pristini
403 2537 560 2621 temporis
591 2538 812 2602 acerbitatem
856 2541 1033 2621 postquam
1061 2538 1133 2603 iar

91 2629 166 2690 astu
187 2625 286 2709 venit,
309 2625 459 2690 contione
482 2625 638 2690 advocata
656 2626 703 2690 sic
721 2625 820 2690 verba
837 2624 924 2709 fecit,
946 2629 984 2690 ut
1000 2645 1096 2689 nemo

91 2717 161 2777 tam
187 2711 275 2777 ferus
301 2711 413 2796 ιιιιιιι,
462 2713 519 2777 uin
546 2713 614 2777 eius
642 2713 731 2777 casui
762 2712 966 2777 illacrimarit
992 2713 1097 2778 inimi·

92 2821 229 2884 cumque
252 2800 292 2864 iis
315 2821 350 2865 se
373 2799 560 2883 ostenderit,
583 2821 721 2884 quorum
742 2822 841 2884 opera
857 2801 965 2886 patria
983 2801 1096 2884 pulsus

90 2889 206 2973 fuerat,
228 2888 362 2973 proinde
386 2889 474 2953 acsi
497 2888 580 2952 alius
603 2889 759 2973 populus,
780 2911 847 2954 ιιοιι
868 2890 924 2953 ille
947 2889 1017 2973 ipse
1041 2889 1097 2972 qni

91 2983 163 3041 tum
184 2977 298 3062 flebat,
321 2998 396 3041 eum
419 2976 581 3062 sacrilegii
603 2976 796 3041 damnasset.
841 2977 995 3042 restituta
1018 2995 1096 3062 ergo
1115 2994 1132 3042 ι

90 3064 167 3130 huie
199 3070 276 3130 sunt
306 3065 435 3149 publice
467 3065 566 3149 bona,
602 3065 768 3149 eidemque
799 3066 851 3131 illi
880 3064 1096 3148 Eumolpidae

92 3152 274 3218 sacerdotes
298 3175 409 3219 rursus
431 3174 595 3218 resacrare
618 3157 695 3218 sunt
718 3153 837 3237 coacti,
865 3155 920 3238 qui
949 3174 1022 3217 eum
1045 3152 1097 3216 de·

91 3245 255 3326 voverant,
268 3242 417 3326 pilaeque
431 3241 516 3325 illae,
529 3241 564 3305 in
578 3240 696 3324 quibus
706 3241 834 3307 devotio
848 3241 956 3306 fuerat
966 3240 1097 3324 scripta,

90 3327 126 3392 in
148 3349 236 3393 mare
258 3331 501 3414 praecipitatae.

178 3415 268 3482 Haec
290 3417 452 3484 Alcibiadi
480 3418 608 3482 laetitia
633 3439 698 3482 non
725 3418 822 3482 nimis
849 3417 914 3482 fuit
936 3417 1147 3477 clintum&

89 3525 166 3570 nam
190 3527 263 3570 oum
286 3506 316 3570 ei
335 3528 447 3572 omnes
466 3510 578 3574 essent
591 3506 745 3574 honores
761 3503 1061 3573 assecutam
1072 3507 1132 3548 ss*
