<?xml version="1.0" encoding="UTF-8"?>
<!DOCTYPE html PUBLIC "-//W3C//DTD XHTML 1.0 Transitional//EN"
    "http://www.w3.org/TR/xhtml1/DTD/xhtml1-transitional.dtd">
<html xmlns="http://www.w3.org/1999/xhtml" xml:lang="en" lang="en">
 <head>
  <title>
</title>
<meta http-equiv="Content-Type" content="text/html;charset=utf-8" />
  <meta name='ocr-system' content='tesseract 3.04.00' />
  <meta name='ocr-capabilities' content='ocr_page ocr_carea ocr_par ocr_line ocrx_word'/>
</head>
<body>
  <div class='ocr_page' id='page_1' title='image "./corneliinepotis03halmgoog_0098.png"; bbox 0 0 2460 3848; ppageno 0'>
   <div class='ocr_carea' id='block_1_1' title="bbox 420 203 1092 270">
    <p class='ocr_par' dir='ltr' id='par_1_1' title="bbox 420 203 1092 270">
     <span class='ocr_line' id='line_1_1' title="bbox 420 203 1092 270; baseline 0 -12"><span class='ocrx_word' id='word_1_1' title='bbox 420 204 480 259; x_wconf 87' lang='lat' dir='ltr'><strong>XX.</strong></span> <span class='ocrx_word' id='word_1_2' title='bbox 498 203 696 260; x_wconf 85' lang='lat' dir='ltr'><strong>TIMOLEON.</strong></span> <span class='ocrx_word' id='word_1_3' title='bbox 724 210 749 259; x_wconf 81' lang='grc' dir='ltr'><strong>ὁ.</strong></span> <span class='ocrx_word' id='word_1_4' title='bbox 1050 205 1092 270; x_wconf 78' lang='grc'><strong>85</strong></span> 
     </span>
    </p>
   </div>
   <div class='ocr_carea' id='block_1_2' title="bbox 90 348 1127 785">
    <p class='ocr_par' dir='ltr' id='par_1_2' title="bbox 90 348 1127 785">
     <span class='ocr_line' id='line_1_2' title="bbox 91 348 1127 435; baseline 0.004 -23"><span class='ocrx_word' id='word_1_5' title='bbox 91 348 176 431; x_wconf 90' lang='lat' dir='ltr'><strong>quod</strong></span> <span class='ocrx_word' id='word_1_6' title='bbox 204 348 339 431; x_wconf 88' lang='lat' dir='ltr'><strong>quisque</strong></span> <span class='ocrx_word' id='word_1_7' title='bbox 367 349 478 432; x_wconf 85' lang='lat' dir='ltr'><strong>vellet,</strong></span> <span class='ocrx_word' id='word_1_8' title='bbox 509 349 636 434; x_wconf 87' lang='lat' dir='ltr'><strong>legibus</strong></span> <span class='ocrx_word' id='word_1_9' title='bbox 669 350 806 433; x_wconf 86' lang='lat' dir='ltr'><strong>experiri</strong></span> <span class='ocrx_word' id='word_1_10' title='bbox 833 350 955 414; x_wconf 89' lang='lat' dir='ltr'><strong>liceret.</strong></span> <span class='ocrx_word' id='word_1_11' title='bbox 998 350 1127 435; x_wconf 79' lang='lat' dir='ltr'><strong>idem,8</strong></span> 
     </span>
     <span class='ocr_line' id='line_1_3' title="bbox 91 436 1093 523; baseline 0.001 -22"><span class='ocrx_word' id='word_1_12' title='bbox 91 459 163 502; x_wconf 90' lang='lat' dir='ltr'><strong>oum</strong></span> <span class='ocrx_word' id='word_1_13' title='bbox 191 436 322 519; x_wconf 86' lang='lat' dir='ltr'><strong>quidam</strong></span> <span class='ocrx_word' id='word_1_14' title='bbox 349 436 522 520; x_wconf 79' lang='lat' dir='ltr'><strong>Laphystii</strong></span> <span class='ocrx_word' id='word_1_15' title='bbox 549 436 679 520; x_wconf 90' lang='lat' dir='ltr'><strong>similis,</strong></span> <span class='ocrx_word' id='word_1_16' title='bbox 709 438 839 502; x_wconf 92' lang='lat' dir='ltr'><strong>nomine</strong></span> <span class='ocrx_word' id='word_1_17' title='bbox 867 437 1093 523; x_wconf 88' lang='lat' dir='ltr'><strong>Demaenetus,</strong></span> 
     </span>
     <span class='ocr_line' id='line_1_4' title="bbox 90 524 1093 610; baseline 0.002 -22"><span class='ocrx_word' id='word_1_18' title='bbox 90 526 124 588; x_wconf 93' lang='lat' dir='ltr'><strong>in</strong></span> <span class='ocrx_word' id='word_1_19' title='bbox 148 525 298 589; x_wconf 89' lang='lat' dir='ltr'><strong>contione</strong></span> <span class='ocrx_word' id='word_1_20' title='bbox 320 524 432 608; x_wconf 91' lang='lat' dir='ltr'><strong>populi</strong></span> <span class='ocrx_word' id='word_1_21' title='bbox 455 524 609 588; x_wconf 89' lang='lat' dir='ltr'><strong>derebus</strong></span> <span class='ocrx_word' id='word_1_22' title='bbox 629 525 729 610; x_wconf 85' lang='lat' dir='ltr'><strong>gestis</strong></span> <span class='ocrx_word' id='word_1_23' title='bbox 749 527 818 590; x_wconf 85' lang='lat' dir='ltr'><strong>eius</strong></span> <span class='ocrx_word' id='word_1_24' title='bbox 837 525 1004 590; x_wconf 88' lang='lat' dir='ltr'><strong>detrahere</strong></span> <span class='ocrx_word' id='word_1_25' title='bbox 1023 548 1093 591; x_wconf 90' lang='lat' dir='ltr'><strong>coe-</strong></span> 
     </span>
     <span class='ocr_line' id='line_1_5' title="bbox 90 612 1093 699; baseline 0.003 -24"><span class='ocrx_word' id='word_1_26' title='bbox 90 613 194 696; x_wconf 87' lang='lat' dir='ltr'><strong>pisset</strong></span> <span class='ocrx_word' id='word_1_27' title='bbox 220 634 257 677; x_wconf 91' lang='lat' dir='ltr'><strong>ac</strong></span> <span class='ocrx_word' id='word_1_28' title='bbox 283 613 439 677; x_wconf 86' lang='lat' dir='ltr'><strong>nonnulla</strong></span> <span class='ocrx_word' id='word_1_29' title='bbox 467 612 672 697; x_wconf 86' lang='lat' dir='ltr'><strong>inveheretur</strong></span> <span class='ocrx_word' id='word_1_30' title='bbox 699 613 734 677; x_wconf 91' lang='lat' dir='ltr'><strong>in</strong></span> <span class='ocrx_word' id='word_1_31' title='bbox 760 613 979 699; x_wconf 76' lang='lat' dir='ltr'><strong>Timoleonta,</strong></span> <span class='ocrx_word' id='word_1_32' title='bbox 1011 613 1093 678; x_wconf 88' lang='lat' dir='ltr'><strong>dixit</strong></span> 
     </span>
     <span class='ocr_line' id='line_1_6' title="bbox 90 700 1093 785; baseline 0.002 -21"><span class='ocrx_word' id='word_1_33' title='bbox 90 722 175 765; x_wconf 92' lang='lat' dir='ltr'><strong>nunc</strong></span> <span class='ocrx_word' id='word_1_34' title='bbox 198 700 326 765; x_wconf 90' lang='lat' dir='ltr'><strong>demum</strong></span> <span class='ocrx_word' id='word_1_35' title='bbox 350 722 384 765; x_wconf 90' lang='lat' dir='ltr'><strong>se</strong></span> <span class='ocrx_word' id='word_1_36' title='bbox 406 701 476 764; x_wconf 84' lang='lat' dir='ltr'><strong>voti</strong></span> <span class='ocrx_word' id='word_1_37' title='bbox 499 722 569 765; x_wconf 88' lang='lat' dir='ltr'><strong>esse</strong></span> <span class='ocrx_word' id='word_1_38' title='bbox 593 701 793 766; x_wconf 89' lang='lat' dir='ltr'><strong>damnatum:</strong></span> <span class='ocrx_word' id='word_1_39' title='bbox 822 723 962 785; x_wconf 87' lang='lat' dir='ltr'><strong>namque</strong></span> <span class='ocrx_word' id='word_1_40' title='bbox 988 702 1093 766; x_wconf 88' lang='lat' dir='ltr'><strong>hoca</strong></span> 
     </span>
    </p>
   </div>
   <div class='ocr_carea' id='block_1_3' title="bbox 91 788 1129 1314">
    <p class='ocr_par' dir='ltr' id='par_1_3' title="bbox 91 788 1093 1049">
     <span class='ocr_line' id='line_1_7' title="bbox 91 788 1093 874; baseline 0.001 -22"><span class='ocrx_word' id='word_1_41' title='bbox 91 789 140 852; x_wconf 91' lang='lat' dir='ltr'><strong>dis</strong></span> <span class='ocrx_word' id='word_1_42' title='bbox 167 788 407 853; x_wconf 76' lang='lat' dir='ltr'><strong>immortalibus</strong></span> <span class='ocrx_word' id='word_1_43' title='bbox 436 810 563 872; x_wconf 80' lang='lat' dir='ltr'><strong>semper</strong></span> <span class='ocrx_word' id='word_1_44' title='bbox 593 793 773 874; x_wconf 87' lang='lat' dir='ltr'><strong>precatum,</strong></span> <span class='ocrx_word' id='word_1_45' title='bbox 804 793 842 854; x_wconf 94' lang='lat' dir='ltr'><strong>ut</strong></span> <span class='ocrx_word' id='word_1_46' title='bbox 869 791 969 854; x_wconf 89' lang='lat' dir='ltr'><strong>talem</strong></span> <span class='ocrx_word' id='word_1_47' title='bbox 998 790 1093 854; x_wconf 91' lang='lat' dir='ltr'><strong>liber-</strong></span> 
     </span>
     <span class='ocr_line' id='line_1_8' title="bbox 91 875 1093 962; baseline 0.002 -21"><span class='ocrx_word' id='word_1_48' title='bbox 91 881 194 941; x_wconf 86' lang='lat' dir='ltr'><strong>tatem</strong></span> <span class='ocrx_word' id='word_1_49' title='bbox 212 878 399 942; x_wconf 85' lang='lat' dir='ltr'><strong>restitueret</strong></span> <span class='ocrx_word' id='word_1_50' title='bbox 413 875 634 962; x_wconf 82' lang='lat' dir='ltr'><strong>Syracusanis,</strong></span> <span class='ocrx_word' id='word_1_51' title='bbox 656 877 691 941; x_wconf 93' lang='lat' dir='ltr'><strong>in</strong></span> <span class='ocrx_word' id='word_1_52' title='bbox 714 899 777 960; x_wconf 87' lang='lat' dir='ltr'><strong>qua</strong></span> <span class='ocrx_word' id='word_1_53' title='bbox 799 878 900 942; x_wconf 78' lang='lat' dir='ltr'><strong>cuivis</strong></span> <span class='ocrx_word' id='word_1_54' title='bbox 923 878 1036 943; x_wconf 90' lang='lat' dir='ltr'><strong>liceret</strong></span> <span class='ocrx_word' id='word_1_55' title='bbox 1054 878 1093 943; x_wconf 93' lang='lat' dir='ltr'><strong>de</strong></span> 
     </span>
     <span class='ocr_line' id='line_1_9' title="bbox 92 965 773 1049; baseline 0 -20"><span class='ocrx_word' id='word_1_56' title='bbox 92 987 155 1048; x_wconf 91' lang='lat' dir='ltr'><strong>quo</strong></span> <span class='ocrx_word' id='word_1_57' title='bbox 179 965 278 1030; x_wconf 85' lang='lat' dir='ltr'><strong>vellet</strong></span> <span class='ocrx_word' id='word_1_58' title='bbox 298 967 380 1047; x_wconf 73' lang='lat' dir='ltr'><strong>quod</strong></span> <span class='ocrx_word' id='word_1_59' title='bbox 399 965 485 1030; x_wconf 80' lang='lat' dir='ltr'><strong>callet</strong></span> <span class='ocrx_word' id='word_1_60' title='bbox 505 966 637 1049; x_wconf 89' lang='lat' dir='ltr'><strong>impune</strong></span> <span class='ocrx_word' id='word_1_61' title='bbox 660 965 773 1030; x_wconf 90' lang='lat' dir='ltr'><strong>dicere.</strong></span> 
     </span>
    </p>

    <p class='ocr_par' dir='ltr' id='par_1_4' title="bbox 92 1052 1129 1314">
     <span class='ocr_line' id='line_1_10' title="bbox 178 1052 1129 1138; baseline -0.002 -20"><span class='ocrx_word' id='word_1_62' title='bbox 178 1053 242 1118; x_wconf 88' lang='lat' dir='ltr'><strong>Hie</strong></span> <span class='ocrx_word' id='word_1_63' title='bbox 265 1075 339 1118; x_wconf 94' lang='lat' dir='ltr'><strong>cum</strong></span> <span class='ocrx_word' id='word_1_64' title='bbox 362 1053 446 1118; x_wconf 84' lang='lat' dir='ltr'><strong>diem</strong></span> <span class='ocrx_word' id='word_1_65' title='bbox 465 1075 651 1137; x_wconf 89' lang='lat' dir='ltr'><strong>supremum</strong></span> <span class='ocrx_word' id='word_1_66' title='bbox 669 1053 801 1137; x_wconf 88' lang='lat' dir='ltr'><strong>obisset,</strong></span> <span class='ocrx_word' id='word_1_67' title='bbox 823 1054 951 1138; x_wconf 91' lang='lat' dir='ltr'><strong>publice</strong></span> <span class='ocrx_word' id='word_1_68' title='bbox 966 1076 986 1118; x_wconf 89' lang='lat' dir='ltr'><strong>a</strong></span> <span class='ocrx_word' id='word_1_69' title='bbox 1000 1052 1093 1137; x_wconf 80' lang='lat' dir='ltr'><strong>Syra</strong></span> <span class='ocrx_word' id='word_1_70' title='bbox 1112 1067 1129 1116; x_wconf 82' lang='lat'>4</span> 
     </span>
     <span class='ocr_line' id='line_1_11' title="bbox 92 1141 1093 1227; baseline -0.002 -20"><span class='ocrx_word' id='word_1_71' title='bbox 92 1141 219 1208; x_wconf 89' lang='lat' dir='ltr'><strong>cusanis</strong></span> <span class='ocrx_word' id='word_1_72' title='bbox 247 1141 282 1205; x_wconf 92' lang='lat' dir='ltr'><strong>in</strong></span> <span class='ocrx_word' id='word_1_73' title='bbox 304 1141 489 1227; x_wconf 83' lang='lat' dir='ltr'><strong>gymnasio,</strong></span> <span class='ocrx_word' id='word_1_74' title='bbox 519 1142 604 1225; x_wconf 93' lang='lat' dir='ltr'><strong>quod</strong></span> <span class='ocrx_word' id='word_1_75' title='bbox 626 1141 885 1208; x_wconf 78' lang='lat' dir='ltr'><strong>Timoleonteum</strong></span> <span class='ocrx_word' id='word_1_76' title='bbox 903 1142 1093 1227; x_wconf 84' lang='lat' dir='ltr'><strong>appellatur,</strong></span> 
     </span>
     <span class='ocr_line' id='line_1_12' title="bbox 92 1228 755 1314; baseline -0.002 -19"><span class='ocrx_word' id='word_1_77' title='bbox 92 1235 164 1296; x_wconf 89' lang='lat' dir='ltr'><strong>tota</strong></span> <span class='ocrx_word' id='word_1_78' title='bbox 187 1230 369 1296; x_wconf 89' lang='lat' dir='ltr'><strong>celebrante</strong></span> <span class='ocrx_word' id='word_1_79' title='bbox 394 1228 505 1294; x_wconf 79' lang='lat' dir='ltr'><strong>Sicilia</strong></span> <span class='ocrx_word' id='word_1_80' title='bbox 528 1230 673 1314; x_wconf 85' lang='lat' dir='ltr'><strong>sepultus</strong></span> <span class='ocrx_word' id='word_1_81' title='bbox 696 1235 755 1295; x_wconf 87' lang='lat' dir='ltr'><strong>est.</strong></span> 
     </span>
    </p>
   </div>
   <div class='ocr_carea' id='block_1_4' title="bbox 378 1530 804 1604">
    <p class='ocr_par' dir='ltr' id='par_1_5' title="bbox 378 1477 804 1604">
     <span class='ocr_line' id='line_1_13' title="bbox 378 1530 804 1604; baseline 0.002 -1"><span class='ocrx_word' id='word_1_82' title='bbox 378 1531 472 1603; x_wconf 82' lang='lat' dir='ltr'><strong>xri.</strong></span> <span class='ocrx_word' id='word_1_83' title='bbox 500 1531 563 1602; x_wconf 83' lang='lat' dir='ltr'><strong>ou</strong></span> <span class='ocrx_word' id='word_1_84' title='bbox 590 1530 804 1604; x_wconf 80' lang='lat' dir='ltr'><strong>auersus</strong></span> 
     </span>
    </p>
   </div>
   <div class='ocr_carea' id='block_1_5' title="bbox 93 1666 1131 3613">
    <p class='ocr_par' dir='ltr' id='par_1_6' title="bbox 93 1666 1131 3613">
     <span class='ocr_line' id='line_1_14' title="bbox 181 1666 1130 1754; baseline 0.002 -22"><span class='ocrx_word' id='word_1_85' title='bbox 181 1667 226 1733; x_wconf 93' lang='lat' dir='ltr'><strong>Hi</strong></span> <span class='ocrx_word' id='word_1_86' title='bbox 239 1668 306 1733; x_wconf 90' lang='lat' dir='ltr'><strong>fere</strong></span> <span class='ocrx_word' id='word_1_87' title='bbox 320 1668 451 1734; x_wconf 82' lang='lat' dir='ltr'><strong>hrenmt</strong></span> <span class='ocrx_word' id='word_1_88' title='bbox 466 1666 606 1733; x_wconf 77' lang='lat' dir='ltr'><strong>Graecae</strong></span> <span class='ocrx_word' id='word_1_89' title='bbox 620 1669 726 1754; x_wconf 81' lang='lat' dir='ltr'><strong>gentis</strong></span> <span class='ocrx_word' id='word_1_90' title='bbox 741 1669 846 1753; x_wconf 89' lang='lat' dir='ltr'><strong>duces,</strong></span> <span class='ocrx_word' id='word_1_91' title='bbox 864 1669 920 1752; x_wconf 87' lang='lat' dir='ltr'><strong>qui</strong></span> <span class='ocrx_word' id='word_1_92' title='bbox 938 1670 1093 1734; x_wconf 89' lang='lat' dir='ltr'><strong>memoria</strong></span> <span class='ocrx_word' id='word_1_93' title='bbox 1113 1669 1130 1734; x_wconf 94' lang='lat'>1</span> 
     </span>
     <span class='ocr_line' id='line_1_15' title="bbox 95 1757 1093 1845; baseline -0.002 -22"><span class='ocrx_word' id='word_1_94' title='bbox 95 1758 184 1845; x_wconf 82' lang='lat' dir='ltr'><strong>digni</strong></span> <span class='ocrx_word' id='word_1_95' title='bbox 206 1757 384 1842; x_wconf 83' lang='lat' dir='ltr'><strong>videantur,</strong></span> <span class='ocrx_word' id='word_1_96' title='bbox 406 1759 536 1840; x_wconf 89' lang='lat' dir='ltr'><strong>praeter</strong></span> <span class='ocrx_word' id='word_1_97' title='bbox 558 1776 664 1842; x_wconf 85' lang='lat' dir='ltr'><strong>reges:</strong></span> <span class='ocrx_word' id='word_1_98' title='bbox 693 1777 832 1840; x_wconf 86' lang='lat' dir='ltr'><strong>namque</strong></span> <span class='ocrx_word' id='word_1_99' title='bbox 855 1778 909 1821; x_wconf 91' lang='lat' dir='ltr'><strong>eos</strong></span> <span class='ocrx_word' id='word_1_100' title='bbox 932 1758 1093 1844; x_wconf 81' lang='lat' dir='ltr'><strong>attingere</strong></span> 
     </span>
     <span class='ocr_line' id='line_1_16' title="bbox 93 1844 1093 1930; baseline -0.002 -18"><span class='ocrx_word' id='word_1_101' title='bbox 93 1846 266 1928; x_wconf 89' lang='lat' dir='ltr'><strong>noluimus,</strong></span> <span class='ocrx_word' id='word_1_102' title='bbox 290 1845 375 1929; x_wconf 92' lang='lat' dir='ltr'><strong>quod</strong></span> <span class='ocrx_word' id='word_1_103' title='bbox 398 1845 542 1909; x_wconf 88' lang='lat' dir='ltr'><strong>omnium</strong></span> <span class='ocrx_word' id='word_1_104' title='bbox 560 1865 611 1908; x_wconf 88' lang='lat' dir='ltr'><strong>res</strong></span> <span class='ocrx_word' id='word_1_105' title='bbox 630 1848 741 1930; x_wconf 82' lang='lat' dir='ltr'><strong>gestae</strong></span> <span class='ocrx_word' id='word_1_106' title='bbox 760 1844 935 1928; x_wconf 85' lang='lat' dir='ltr'><strong>separatim</strong></span> <span class='ocrx_word' id='word_1_107' title='bbox 953 1850 1030 1910; x_wconf 87' lang='lat' dir='ltr'><strong>sunt</strong></span> <span class='ocrx_word' id='word_1_108' title='bbox 1047 1867 1093 1911; x_wconf 79' lang='lat' dir='ltr'><strong>re</strong></span> 
     </span>
     <span class='ocr_line' id='line_1_17' title="bbox 94 1931 1129 2015; baseline -0.001 -17"><span class='ocrx_word' id='word_1_109' title='bbox 94 1936 188 1999; x_wconf 85' lang='lat' dir='ltr'><strong>latae.</strong></span> <span class='ocrx_word' id='word_1_110' title='bbox 219 1955 322 2015; x_wconf 90' lang='lat' dir='ltr'><strong>neque</strong></span> <span class='ocrx_word' id='word_1_111' title='bbox 345 1937 455 1997; x_wconf 87' lang='lat' dir='ltr'><strong>tamen</strong></span> <span class='ocrx_word' id='word_1_112' title='bbox 476 1932 500 1995; x_wconf 93' lang='lat' dir='ltr'><strong>ii</strong></span> <span class='ocrx_word' id='word_1_113' title='bbox 518 1932 690 1997; x_wconf 79' lang='lat' dir='ltr'><strong>admodum</strong></span> <span class='ocrx_word' id='word_1_114' title='bbox 709 1937 785 1997; x_wconf 90' lang='lat' dir='ltr'><strong>sunt</strong></span> <span class='ocrx_word' id='word_1_115' title='bbox 803 1933 907 1997; x_wconf 92' lang='lat' dir='ltr'><strong>multi.</strong></span> <span class='ocrx_word' id='word_1_116' title='bbox 939 1931 1129 1999; x_wconf 76' lang='lat' dir='ltr'><strong>Lacedaea</strong></span> 
     </span>
     <span class='ocr_line' id='line_1_18' title="bbox 94 2020 1092 2106; baseline -0.002 -18"><span class='ocrx_word' id='word_1_117' title='bbox 94 2022 221 2088; x_wconf 89' lang='lat' dir='ltr'><strong>monins</strong></span> <span class='ocrx_word' id='word_1_118' title='bbox 245 2025 354 2086; x_wconf 88' lang='lat' dir='ltr'><strong>autem</strong></span> <span class='ocrx_word' id='word_1_119' title='bbox 375 2020 548 2106; x_wconf 84' lang='lat' dir='ltr'><strong>Agesilaus</strong></span> <span class='ocrx_word' id='word_1_120' title='bbox 575 2021 718 2104; x_wconf 90' lang='lat' dir='ltr'><strong>nomine,</strong></span> <span class='ocrx_word' id='word_1_121' title='bbox 746 2042 813 2085; x_wconf 93' lang='lat' dir='ltr'><strong>non</strong></span> <span class='ocrx_word' id='word_1_122' title='bbox 838 2025 1002 2105; x_wconf 73' lang='lat' dir='ltr'><strong>potestate</strong></span> <span class='ocrx_word' id='word_1_123' title='bbox 1029 2021 1092 2086; x_wconf 87' lang='lat' dir='ltr'><strong>fuit</strong></span> 
     </span>
     <span class='ocr_line' id='line_1_19' title="bbox 94 2108 1094 2195; baseline -0.002 -19"><span class='ocrx_word' id='word_1_124' title='bbox 94 2134 159 2195; x_wconf 90' lang='lat' dir='ltr'><strong>rex,</strong></span> <span class='ocrx_word' id='word_1_125' title='bbox 183 2111 267 2175; x_wconf 89' lang='lat' dir='ltr'><strong>siout</strong></span> <span class='ocrx_word' id='word_1_126' title='bbox 286 2110 385 2175; x_wconf 88' lang='lat' dir='ltr'><strong>ceteri</strong></span> <span class='ocrx_word' id='word_1_127' title='bbox 400 2108 560 2193; x_wconf 85' lang='lat' dir='ltr'><strong>Spartani.</strong></span> <span class='ocrx_word' id='word_1_128' title='bbox 595 2108 692 2174; x_wconf 89' lang='lat' dir='ltr'><strong>exiis</strong></span> <span class='ocrx_word' id='word_1_129' title='bbox 710 2130 795 2193; x_wconf 82' lang='lat' dir='ltr'><strong>vero,</strong></span> <span class='ocrx_word' id='word_1_130' title='bbox 819 2110 874 2192; x_wconf 91' lang='lat' dir='ltr'><strong>qui</strong></span> <span class='ocrx_word' id='word_1_131' title='bbox 892 2110 1094 2174; x_wconf 88' lang='lat' dir='ltr'><strong>dominatum</strong></span> 
     </span>
     <span class='ocr_line' id='line_1_20' title="bbox 94 2196 1095 2283; baseline -0.001 -20"><span class='ocrx_word' id='word_1_132' title='bbox 94 2199 229 2283; x_wconf 88' lang='lat' dir='ltr'><strong>imperio</strong></span> <span class='ocrx_word' id='word_1_133' title='bbox 243 2202 426 2280; x_wconf 87' lang='lat' dir='ltr'><strong>tenuerunt,</strong></span> <span class='ocrx_word' id='word_1_134' title='bbox 449 2197 711 2262; x_wconf 85' lang='lat' dir='ltr'><strong>excellentissimi</strong></span> <span class='ocrx_word' id='word_1_135' title='bbox 729 2196 868 2282; x_wconf 87' lang='lat' dir='ltr'><strong>fuerunt,</strong></span> <span class='ocrx_word' id='word_1_136' title='bbox 885 2201 924 2262; x_wconf 84' lang='lat' dir='ltr'><strong>ut</strong></span> <span class='ocrx_word' id='word_1_137' title='bbox 936 2220 996 2262; x_wconf 93' lang='lat' dir='ltr'><strong>nos</strong></span> <span class='ocrx_word' id='word_1_138' title='bbox 1014 2197 1095 2263; x_wconf 91' lang='lat' dir='ltr'><strong>iudi·</strong></span> 
     </span>
     <span class='ocr_line' id='line_1_21' title="bbox 94 2284 1094 2371; baseline -0.003 -18"><span class='ocrx_word' id='word_1_139' title='bbox 94 2309 213 2371; x_wconf 89' lang='lat' dir='ltr'><strong>camus,</strong></span> <span class='ocrx_word' id='word_1_140' title='bbox 226 2287 398 2351; x_wconf 86' lang='lat' dir='ltr'><strong>Persarum</strong></span> <span class='ocrx_word' id='word_1_141' title='bbox 412 2284 516 2370; x_wconf 82' lang='lat' dir='ltr'><strong>Cyrus</strong></span> <span class='ocrx_word' id='word_1_142' title='bbox 530 2291 564 2349; x_wconf 94' lang='lat' dir='ltr'><strong>et</strong></span> <span class='ocrx_word' id='word_1_143' title='bbox 576 2285 705 2369; x_wconf 91' lang='lat' dir='ltr'><strong>Darius,</strong></span> <span class='ocrx_word' id='word_1_144' title='bbox 722 2285 881 2369; x_wconf 86' lang='lat' dir='ltr'><strong>Hystaspi</strong></span> <span class='ocrx_word' id='word_1_145' title='bbox 898 2286 995 2370; x_wconf 80' lang='lat' dir='ltr'><strong>filine,</strong></span> <span class='ocrx_word' id='word_1_146' title='bbox 1018 2307 1094 2368; x_wconf 93' lang='lat' dir='ltr'><strong>quo·</strong></span> 
     </span>
     <span class='ocr_line' id='line_1_22' title="bbox 94 2372 1095 2458; baseline -0.003 -18"><span class='ocrx_word' id='word_1_147' title='bbox 94 2398 166 2440; x_wconf 91' lang='lat' dir='ltr'><strong>rum</strong></span> <span class='ocrx_word' id='word_1_148' title='bbox 179 2379 314 2458; x_wconf 92' lang='lat' dir='ltr'><strong>uterque</strong></span> <span class='ocrx_word' id='word_1_149' title='bbox 327 2375 473 2458; x_wconf 86' lang='lat' dir='ltr'><strong>privatus</strong></span> <span class='ocrx_word' id='word_1_150' title='bbox 487 2375 608 2438; x_wconf 81' lang='lat' dir='ltr'><strong>virtute</strong></span> <span class='ocrx_word' id='word_1_151' title='bbox 622 2395 757 2458; x_wconf 80' lang='lat' dir='ltr'><strong>regnum</strong></span> <span class='ocrx_word' id='word_1_152' title='bbox 770 2376 821 2436; x_wconf 90' lang='lat' dir='ltr'><strong>est</strong></span> <span class='ocrx_word' id='word_1_153' title='bbox 834 2373 979 2457; x_wconf 87' lang='lat' dir='ltr'><strong>adeptus.</strong></span> <span class='ocrx_word' id='word_1_154' title='bbox 1005 2372 1095 2456; x_wconf 90' lang='lat' dir='ltr'><strong>prior</strong></span> 
     </span>
     <span class='ocr_line' id='line_1_23' title="bbox 94 2458 1127 2546; baseline -0.002 -19"><span class='ocrx_word' id='word_1_155' title='bbox 94 2464 211 2528; x_wconf 90' lang='lat' dir='ltr'><strong>horum</strong></span> <span class='ocrx_word' id='word_1_156' title='bbox 233 2463 317 2546; x_wconf 90' lang='lat' dir='ltr'><strong>apud</strong></span> <span class='ocrx_word' id='word_1_157' title='bbox 335 2461 537 2546; x_wconf 85' lang='lat' dir='ltr'><strong>Massagetas</strong></span> <span class='ocrx_word' id='word_1_158' title='bbox 559 2462 594 2525; x_wconf 92' lang='lat' dir='ltr'><strong>in</strong></span> <span class='ocrx_word' id='word_1_159' title='bbox 616 2461 739 2544; x_wconf 87' lang='lat' dir='ltr'><strong>proelio</strong></span> <span class='ocrx_word' id='word_1_160' title='bbox 758 2460 883 2544; x_wconf 88' lang='lat' dir='ltr'><strong>cecidit,</strong></span> <span class='ocrx_word' id='word_1_161' title='bbox 904 2458 1024 2524; x_wconf 89' lang='lat' dir='ltr'><strong>Darius</strong></span> <span class='ocrx_word' id='word_1_162' title='bbox 1047 2481 1093 2525; x_wconf 90' lang='lat' dir='ltr'><strong>se·</strong></span> <span class='ocrx_word' id='word_1_163' title='bbox 1121 2463 1127 2467; x_wconf 77' lang='grc'><em>’</em></span> 
     </span>
     <span class='ocr_line' id='line_1_24' title="bbox 94 2549 1129 2632; baseline -0.002 -17"><span class='ocrx_word' id='word_1_164' title='bbox 94 2553 225 2615; x_wconf 86' lang='lat' dir='ltr'><strong>nectute</strong></span> <span class='ocrx_word' id='word_1_165' title='bbox 258 2549 342 2613; x_wconf 90' lang='lat' dir='ltr'><strong>diem</strong></span> <span class='ocrx_word' id='word_1_166' title='bbox 369 2549 453 2613; x_wconf 89' lang='lat' dir='ltr'><strong>obiit</strong></span> <span class='ocrx_word' id='word_1_167' title='bbox 484 2570 678 2632; x_wconf 88' lang='lat' dir='ltr'><strong>supremum.</strong></span> <span class='ocrx_word' id='word_1_168' title='bbox 723 2552 789 2611; x_wconf 90' lang='lat' dir='ltr'><strong>tres</strong></span> <span class='ocrx_word' id='word_1_169' title='bbox 821 2551 897 2612; x_wconf 88' lang='lat' dir='ltr'><strong>sunt</strong></span> <span class='ocrx_word' id='word_1_170' title='bbox 927 2553 1094 2631; x_wconf 86' lang='lat' dir='ltr'><strong>praeterea</strong></span> <span class='ocrx_word' id='word_1_171' title='bbox 1112 2565 1129 2614; x_wconf 82' lang='lat' dir='ltr'><strong>e</strong></span> 
     </span>
     <span class='ocr_line' id='line_1_25' title="bbox 95 2635 1094 2721; baseline -0.003 -18"><span class='ocrx_word' id='word_1_172' title='bbox 95 2637 237 2703; x_wconf 87' lang='lat' dir='ltr'><strong>eiusdem</strong></span> <span class='ocrx_word' id='word_1_173' title='bbox 260 2636 380 2721; x_wconf 85' lang='lat' dir='ltr'><strong>gentis:</strong></span> <span class='ocrx_word' id='word_1_174' title='bbox 402 2635 524 2700; x_wconf 84' lang='lat' dir='ltr'><strong>Xerxes</strong></span> <span class='ocrx_word' id='word_1_175' title='bbox 547 2639 580 2699; x_wconf 90' lang='lat' dir='ltr'><strong>et</strong></span> <span class='ocrx_word' id='word_1_176' title='bbox 602 2636 665 2700; x_wconf 95' lang='lat' dir='ltr'><strong>duo</strong></span> <span class='ocrx_word' id='word_1_177' title='bbox 683 2636 891 2718; x_wconf 84' lang='lat' dir='ltr'><strong>Artaxerxae,</strong></span> <span class='ocrx_word' id='word_1_178' title='bbox 913 2635 1094 2702; x_wconf 80' lang='lat' dir='ltr'><strong>Macrochir</strong></span> 
     </span>
     <span class='ocr_line' id='line_1_26' title="bbox 95 2723 1095 2811; baseline -0.003 -20"><span class='ocrx_word' id='word_1_179' title='bbox 95 2724 285 2811; x_wconf 81' lang='lat' dir='ltr'><strong>cognomine</strong></span> <span class='ocrx_word' id='word_1_180' title='bbox 300 2728 333 2788; x_wconf 89' lang='lat' dir='ltr'><strong>et</strong></span> <span class='ocrx_word' id='word_1_181' title='bbox 346 2723 508 2788; x_wconf 90' lang='lat' dir='ltr'><strong>Mnemon.</strong></span> <span class='ocrx_word' id='word_1_182' title='bbox 531 2723 630 2787; x_wconf 87' lang='lat' dir='ltr'><strong>Xerxi</strong></span> <span class='ocrx_word' id='word_1_183' title='bbox 643 2725 781 2787; x_wconf 89' lang='lat' dir='ltr'><strong>maxime</strong></span> <span class='ocrx_word' id='word_1_184' title='bbox 795 2728 846 2788; x_wconf 92' lang='lat' dir='ltr'><strong>est</strong></span> <span class='ocrx_word' id='word_1_185' title='bbox 859 2724 995 2809; x_wconf 83' lang='lat' dir='ltr'><strong>illustre,</strong></span> <span class='ocrx_word' id='word_1_186' title='bbox 1009 2724 1095 2809; x_wconf 94' lang='lat' dir='ltr'><strong>quod</strong></span> 
     </span>
     <span class='ocr_line' id='line_1_27' title="bbox 95 2811 1094 2896; baseline -0.002 -18"><span class='ocrx_word' id='word_1_187' title='bbox 95 2813 244 2878; x_wconf 91' lang='lat' dir='ltr'><strong>maximis</strong></span> <span class='ocrx_word' id='word_1_188' title='bbox 258 2816 334 2896; x_wconf 88' lang='lat' dir='ltr'><strong>post</strong></span> <span class='ocrx_word' id='word_1_189' title='bbox 346 2811 514 2876; x_wconf 90' lang='lat' dir='ltr'><strong>hominum</strong></span> <span class='ocrx_word' id='word_1_190' title='bbox 528 2813 717 2876; x_wconf 91' lang='lat' dir='ltr'><strong>memoriam</strong></span> <span class='ocrx_word' id='word_1_191' title='bbox 731 2812 923 2876; x_wconf 87' lang='lat' dir='ltr'><strong>exercitibus</strong></span> <span class='ocrx_word' id='word_1_192' title='bbox 933 2816 1020 2876; x_wconf 89' lang='lat' dir='ltr'><strong>terra</strong></span> <span class='ocrx_word' id='word_1_193' title='bbox 1030 2834 1094 2876; x_wconf 91' lang='lat' dir='ltr'><strong>ma-</strong></span> 
     </span>
     <span class='ocr_line' id='line_1_28' title="bbox 94 2898 1130 2984; baseline -0.001 -18"><span class='ocrx_word' id='word_1_194' title='bbox 94 2902 186 2984; x_wconf 88' lang='lat' dir='ltr'><strong>rique</strong></span> <span class='ocrx_word' id='word_1_195' title='bbox 199 2900 321 2964; x_wconf 93' lang='lat' dir='ltr'><strong>bellum</strong></span> <span class='ocrx_word' id='word_1_196' title='bbox 336 2900 449 2964; x_wconf 88' lang='lat' dir='ltr'><strong>intulit</strong></span> <span class='ocrx_word' id='word_1_197' title='bbox 464 2898 624 2964; x_wconf 82' lang='lat' dir='ltr'><strong>Graeciae.</strong></span> <span class='ocrx_word' id='word_1_198' title='bbox 648 2905 682 2963; x_wconf 92' lang='lat' dir='ltr'><strong>at</strong></span> <span class='ocrx_word' id='word_1_199' title='bbox 695 2899 877 2964; x_wconf 86' lang='lat' dir='ltr'><strong>Macrochir</strong></span> <span class='ocrx_word' id='word_1_200' title='bbox 889 2901 1095 2984; x_wconf 87' lang='lat' dir='ltr'><strong>praecipuam</strong></span> <span class='ocrx_word' id='word_1_201' title='bbox 1112 2916 1130 2965; x_wconf 78' lang='lat'><em>4</em></span> 
     </span>
     <span class='ocr_line' id='line_1_29' title="bbox 94 2987 1095 3072; baseline -0.002 -19"><span class='ocrx_word' id='word_1_202' title='bbox 94 2990 194 3053; x_wconf 90' lang='lat' dir='ltr'><strong>habet</strong></span> <span class='ocrx_word' id='word_1_203' title='bbox 202 2989 331 3052; x_wconf 90' lang='lat' dir='ltr'><strong>laudem</strong></span> <span class='ocrx_word' id='word_1_204' title='bbox 340 2988 559 3071; x_wconf 88' lang='lat' dir='ltr'><strong>amplissimae</strong></span> <span class='ocrx_word' id='word_1_205' title='bbox 570 2987 868 3071; x_wconf 89' lang='lat' dir='ltr'><strong>pulcherrimaeque</strong></span> <span class='ocrx_word' id='word_1_206' title='bbox 878 2988 1022 3072; x_wconf 92' lang='lat' dir='ltr'><strong>corporis</strong></span> <span class='ocrx_word' id='word_1_207' title='bbox 1031 2987 1095 3052; x_wconf 90' lang='lat' dir='ltr'><strong>for·</strong></span> 
     </span>
     <span class='ocr_line' id='line_1_30' title="bbox 95 3075 1095 3161; baseline -0.001 -20"><span class='ocrx_word' id='word_1_208' title='bbox 95 3099 175 3161; x_wconf 89' lang='lat' dir='ltr'><strong>mae,</strong></span> <span class='ocrx_word' id='word_1_209' title='bbox 190 3098 287 3160; x_wconf 89' lang='lat' dir='ltr'><strong>quam</strong></span> <span class='ocrx_word' id='word_1_210' title='bbox 301 3076 483 3141; x_wconf 88' lang='lat' dir='ltr'><strong>incredibili</strong></span> <span class='ocrx_word' id='word_1_211' title='bbox 497 3077 623 3140; x_wconf 84' lang='lat' dir='ltr'><strong>ornavit</strong></span> <span class='ocrx_word' id='word_1_212' title='bbox 636 3077 757 3140; x_wconf 89' lang='lat' dir='ltr'><strong>virtute</strong></span> <span class='ocrx_word' id='word_1_213' title='bbox 771 3075 862 3140; x_wconf 90' lang='lat' dir='ltr'><strong>belli:</strong></span> <span class='ocrx_word' id='word_1_214' title='bbox 883 3096 1023 3158; x_wconf 87' lang='lat' dir='ltr'><strong>namque</strong></span> <span class='ocrx_word' id='word_1_215' title='bbox 1036 3075 1095 3140; x_wconf 93' lang='lat' dir='ltr'><strong>illo</strong></span> 
     </span>
     <span class='ocr_line' id='line_1_31' title="bbox 95 3163 1094 3229; baseline -0.003 0"><span class='ocrx_word' id='word_1_216' title='bbox 95 3165 209 3229; x_wconf 90' lang='lat' dir='ltr'><strong>Perses</strong></span> <span class='ocrx_word' id='word_1_217' title='bbox 219 3187 313 3229; x_wconf 89' lang='lat' dir='ltr'><strong>nemo</strong></span> <span class='ocrx_word' id='word_1_218' title='bbox 323 3186 421 3228; x_wconf 91' lang='lat' dir='ltr'><strong>manu</strong></span> <span class='ocrx_word' id='word_1_219' title='bbox 435 3163 498 3228; x_wconf 89' lang='lat' dir='ltr'><strong>fuit</strong></span> <span class='ocrx_word' id='word_1_220' title='bbox 512 3163 638 3229; x_wconf 87' lang='lat' dir='ltr'><strong>fortior.</strong></span> <span class='ocrx_word' id='word_1_221' title='bbox 661 3163 814 3229; x_wconf 90' lang='lat' dir='ltr'><strong>Mnemon</strong></span> <span class='ocrx_word' id='word_1_222' title='bbox 828 3168 936 3228; x_wconf 88' lang='lat' dir='ltr'><strong>autem</strong></span> <span class='ocrx_word' id='word_1_223' title='bbox 950 3163 1094 3227; x_wconf 83' lang='lat' dir='ltr'><strong>iustitiae</strong></span> 
     </span>
     <span class='ocr_line' id='line_1_32' title="bbox 94 3251 1095 3318; baseline -0.002 -1"><span class='ocrx_word' id='word_1_224' title='bbox 94 3253 181 3317; x_wconf 88' lang='lat' dir='ltr'><strong>fama</strong></span> <span class='ocrx_word' id='word_1_225' title='bbox 194 3253 314 3317; x_wconf 87' lang='lat' dir='ltr'><strong>floruit.</strong></span> <span class='ocrx_word' id='word_1_226' title='bbox 330 3274 408 3317; x_wconf 86' lang='lat' dir='ltr'><strong>nam</strong></span> <span class='ocrx_word' id='word_1_227' title='bbox 417 3274 490 3317; x_wconf 92' lang='lat' dir='ltr'><strong>cum</strong></span> <span class='ocrx_word' id='word_1_228' title='bbox 504 3251 618 3317; x_wconf 91' lang='lat' dir='ltr'><strong>matris</strong></span> <span class='ocrx_word' id='word_1_229' title='bbox 633 3273 709 3317; x_wconf 90' lang='lat' dir='ltr'><strong>suae</strong></span> <span class='ocrx_word' id='word_1_230' title='bbox 719 3252 839 3318; x_wconf 89' lang='lat' dir='ltr'><strong>scelere</strong></span> <span class='ocrx_word' id='word_1_231' title='bbox 848 3251 1011 3316; x_wconf 87' lang='lat' dir='ltr'><strong>amisisset</strong></span> <span class='ocrx_word' id='word_1_232' title='bbox 1020 3273 1095 3316; x_wconf 90' lang='lat' dir='ltr'><strong>uxo-</strong></span> 
     </span>
     <span class='ocr_line' id='line_1_33' title="bbox 94 3340 1131 3426; baseline -0.002 -20"><span class='ocrx_word' id='word_1_233' title='bbox 94 3363 172 3426; x_wconf 89' lang='lat' dir='ltr'><strong>rem,</strong></span> <span class='ocrx_word' id='word_1_234' title='bbox 190 3344 318 3405; x_wconf 86' lang='lat' dir='ltr'><strong>tantum</strong></span> <span class='ocrx_word' id='word_1_235' title='bbox 336 3340 471 3405; x_wconf 90' lang='lat' dir='ltr'><strong>indulsit</strong></span> <span class='ocrx_word' id='word_1_236' title='bbox 484 3340 598 3423; x_wconf 90' lang='lat' dir='ltr'><strong>dolori,</strong></span> <span class='ocrx_word' id='word_1_237' title='bbox 615 3343 653 3405; x_wconf 88' lang='lat' dir='ltr'><strong>nt</strong></span> <span class='ocrx_word' id='word_1_238' title='bbox 666 3361 740 3404; x_wconf 90' lang='lat' dir='ltr'><strong>enm</strong></span> <span class='ocrx_word' id='word_1_239' title='bbox 752 3340 858 3424; x_wconf 90' lang='lat' dir='ltr'><strong>pietas</strong></span> <span class='ocrx_word' id='word_1_240' title='bbox 872 3340 1024 3404; x_wconf 83' lang='lat' dir='ltr'><strong>vinceret.</strong></span> <span class='ocrx_word' id='word_1_241' title='bbox 1057 3358 1131 3404; x_wconf 73' lang='lat' dir='ltr'><strong>exa</strong></span> 
     </span>
     <span class='ocr_line' id='line_1_34' title="bbox 93 3426 1096 3494; baseline -0.003 -1"><span class='ocrx_word' id='word_1_242' title='bbox 93 3430 145 3494; x_wconf 91' lang='lat' dir='ltr'><strong>his</strong></span> <span class='ocrx_word' id='word_1_243' title='bbox 164 3429 227 3494; x_wconf 93' lang='lat' dir='ltr'><strong>duo</strong></span> <span class='ocrx_word' id='word_1_244' title='bbox 243 3429 356 3493; x_wconf 90' lang='lat' dir='ltr'><strong>eodem</strong></span> <span class='ocrx_word' id='word_1_245' title='bbox 373 3429 503 3493; x_wconf 92' lang='lat' dir='ltr'><strong>nomine</strong></span> <span class='ocrx_word' id='word_1_246' title='bbox 519 3429 634 3493; x_wconf 91' lang='lat' dir='ltr'><strong>morbo</strong></span> <span class='ocrx_word' id='word_1_247' title='bbox 647 3433 783 3493; x_wconf 89' lang='lat' dir='ltr'><strong>naturae</strong></span> <span class='ocrx_word' id='word_1_248' title='bbox 797 3428 942 3492; x_wconf 89' lang='lat' dir='ltr'><strong>debitum</strong></span> <span class='ocrx_word' id='word_1_249' title='bbox 955 3426 1096 3491; x_wconf 88' lang='lat' dir='ltr'><strong>reddide-</strong></span> 
     </span>
     <span class='ocr_line' id='line_1_35' title="bbox 93 3513 1129 3613; baseline -0.014 -29"><span class='ocrx_word' id='word_1_250' title='bbox 93 3522 178 3603; x_wconf 86' lang='lat' dir='ltr'><strong>runt,</strong></span> <span class='ocrx_word' id='word_1_251' title='bbox 193 3517 310 3613; x_wconf 79' lang='lat' dir='ltr'><strong>tertius</strong></span> <span class='ocrx_word' id='word_1_252' title='bbox 321 3518 361 3581; x_wconf 92' lang='lat' dir='ltr'><strong>ab</strong></span> <span class='ocrx_word' id='word_1_253' title='bbox 370 3517 536 3582; x_wconf 88' lang='lat' dir='ltr'><strong>Artabano</strong></span> <span class='ocrx_word' id='word_1_254' title='bbox 547 3516 714 3604; x_wconf 79' lang='lat' dir='ltr'><strong>praelecto</strong></span> <span class='ocrx_word' id='word_1_255' title='bbox 720 3513 1129 3590; x_wconf 58' lang='lat' dir='ltr'><strong>iemoinberemp‘eosee‘s-</strong></span> 
     </span>
    </p>
   </div>
   <div class='ocr_carea' id='block_1_6' title="bbox 0 0 1237 3848">
    <p class='ocr_par' dir='ltr' id='par_1_7' title="bbox 0 0 1237 3848">
     <span class='ocr_line' id='line_1_36' title="bbox 0 0 1237 3848; baseline 0 0"><span class='ocrx_word' id='word_1_256' title='bbox 0 0 1237 3848; x_wconf 95' lang='lat' dir='ltr'><strong> </strong></span> 
     </span>
    </p>
   </div>
  </div>
 </body>
</html>
