2460 3848
137 200 181 263 42
500 204 534 258 X.
553 202 650 259 D10N.
680 209 703 257 a.
724 207 765 256 ro.

137 344 324 412 riderentur
346 348 464 413 venire.
495 347 520 411 ii
538 351 672 430 propter
689 344 843 410 notitiam
861 348 937 409 sunt
955 344 1146 410 intromissi.

103 437 174 496 rat
196 434 286 500 illius
309 439 347 499 ut
369 436 470 500 limen
486 435 658 519 intrarant,
679 432 805 498 foribus
829 433 988 497 obseratis
1006 433 1145 498 inlecto

139 522 313 588 cubantem
336 524 506 607 invadunt,
538 523 709 607 colligant:
741 521 780 585 fit
803 521 973 604 strepitus,
1004 520 1083 585 adeo
1108 525 1146 586 ut

103 611 285 675 sexaudiri
311 615 425 694 posset
451 611 540 675 foris.
584 609 651 694 hic,
684 609 768 674 sicut
796 612 871 673 ante
899 629 994 691 saepe
1022 608 1146 674 dietum

139 702 199 781 est,
223 719 321 780 quam
343 699 449 764 inrisa
472 699 516 763 sit
539 698 713 784 singularis
736 697 884 782 potentia
906 700 940 760 et
962 697 1146 762 miseranda

139 785 221 869 vita,
249 787 306 870 qui
329 808 363 852 se
386 787 488 851 metui
511 809 609 870 quarn
632 786 735 850 amari
758 785 897 869 malunt,
926 784 1026 850 cuivis
1050 784 1146 850 facile

104 887 120 936 6
139 873 311 941 intellectu
332 874 405 940 fuit.
440 896 579 957 namque
601 874 652 939 illi
673 873 738 958 ipsi
761 873 920 957 custodes,
944 873 972 936 si
993 878 1147 957 prompta

139 959 281 1029 fuissent
307 964 488 1047 voluntate,
514 960 639 1027 foribus
668 962 809 1027 effractis
837 982 964 1026 servare
988 983 1062 1026 eum
1090 983 1146 1046 po·

140 1050 295 1136 tuissent,
328 1051 433 1134 quoad
463 1051 513 1115 illi
544 1051 683 1136 inermes
713 1051 816 1115 telum
846 1049 927 1114 foris
958 1049 1146 1135 flagitantes

141 1137 251 1202 vivum
282 1139 444 1204 tenebant.
490 1139 542 1204 cui
574 1161 648 1204 oum
679 1141 880 1203 succurreret
910 1159 1025 1221 nemo,
1056 1136 1145 1221 Lyco

142 1226 273 1309 quidam
292 1225 514 1311 Syracusanus
533 1250 591 1311 per
607 1227 785 1292 fenestram
803 1225 947 1312 gladium
966 1225 1063 1311 dedit,
1082 1248 1146 1309 quo

140 1311 228 1378 Dion
250 1314 440 1380 interfectus
464 1319 523 1380 est.
1201 1313 1203 1317 ’

91 1400 131 1467 10
231 1400 388 1467 Confecta
410 1403 515 1488 caede,
538 1425 611 1469 cum
634 1402 809 1467 multitudo
832 1401 956 1467 visendi
975 1402 1082 1487 gratia
1100 1402 1147 1466 in-

141 1489 290 1574 troisset,
321 1492 469 1556 nonnulli
498 1493 538 1556 ab
566 1491 678 1556 insciis
705 1513 764 1575 pro
791 1489 898 1555 noxiis
926 1490 1147 1556 conciduntur.

141 1599 218 1643 nam
241 1579 338 1643 celeri
361 1601 489 1644 rumore
513 1580 629 1664 dilato,
655 1578 755 1643 Dioni
782 1579 849 1643 vim
877 1578 1024 1662 allatam,
1051 1579 1148 1643 multi

143 1672 382 1752 concurrerant,
406 1669 522 1751 quibus
546 1668 612 1733 tale
634 1667 760 1732 facinus
783 1666 985 1749 displicebat.
1020 1665 1147 1730 iifalsa

143 1753 326 1838 suspicione
359 1757 447 1821 ducti
478 1758 684 1821 immerentes
716 1758 754 1820 ut
786 1754 960 1820 sceleratos
988 1752 1147 1818 occidunt.

107 1856 123 1905 2
142 1843 239 1907 huius
257 1842 296 1907 de
315 1849 420 1910 morte
438 1848 476 1910 ut
493 1846 603 1928 palam
624 1844 748 1908 factum
766 1847 825 1928 est,
848 1841 1042 1906 mirabiliter
1057 1842 1147 1928 vulgi

143 1935 271 1995 mutata
294 1936 345 1996 est
368 1934 528 1998 voluntas.
563 1954 640 1996 nam
664 1932 719 2015 qui
742 1932 852 1997 rivum
874 1951 949 1994 eum
971 1934 1145 2013 tyrannum

142 2019 340 2104 vocitarunt,
370 2021 473 2086 eidem
500 2020 710 2085 liberatorem
732 2019 858 2102 patriae
881 2019 1074 2101 tyrannique
1098 2041 1148 2083 ex-

141 2107 308 2190 pulsorem
335 2109 575 2192 praedicabant.
621 2108 668 2172 sic
691 2107 799 2171 subito
830 2105 1051 2171 misericordia
1073 2106 1147 2170 odio

143 2201 356 2280 successerat,
387 2201 425 2260 ut
452 2218 525 2260 eum
552 2217 611 2260 suo
639 2196 795 2280 sanguine
823 2195 863 2258 ab
892 2194 1092 2278 Acherrmte,
1119 2194 1148 2258 si

108 2288 291 2368 apossent,
321 2288 475 2368 cuperent
501 2284 667 2349 redimere.
711 2284 822 2366 itaque
851 2283 886 2347 in
908 2283 988 2347 urbe
1011 2281 1149 2351 celeber-

143 2372 227 2436 rimo
245 2373 327 2458 loco,
351 2374 456 2438 elatus
474 2372 612 2457 publice,
631 2371 771 2454 sepulcri
785 2375 995 2436 monumento
1010 2370 1148 2434 donatus

143 2464 203 2524 est.
248 2461 334 2526 diem
362 2461 445 2526 obiit
479 2461 608 2525 circiter
641 2480 741 2524 armos
775 2459 1011 2544 quinquaginta
1043 2463 1149 2543 natus,

144 2552 297 2630 quartum
320 2554 396 2633 post
419 2570 551 2633 annum,
579 2570 677 2632 quam
704 2570 744 2613 ex
766 2546 990 2632 Peloponneso
1012 2546 1048 2611 in
1070 2544 1149 2611 Sici·
1216 2626 1219 2633 Ι

143 2634 223 2700 liam
245 2637 393 2703 redierat.

544 2777 755 2788 ———

452 2939 514 3011 XI.
541 2935 837 3011 IPHIORATES.
963 2929 965 2933 ’

113 3073 129 3138 1
234 3076 415 3160 Iphicrates
438 3074 648 3141 Atheniensis
670 3096 737 3143 non
765 3080 836 3139 tam
858 3073 1080 3158 magnitudine
1103 3094 1151 3138 re·

146 3187 218 3318 {tl
237 3170 519 3317 ffiffl
538 3162 1150 3317 triblathltttl¹llttl

146 3343 260 3425 primis
276 3303 532 3424 compararetur:
550 3340 605 3405 sed
623 3361 664 3404 ne
682 3340 721 3404 de
735 3338 912 3403 maioribus
926 3342 1006 3402 natu
1020 3338 1150 3421 quidem

110 3430 319 3513 aquisquam
347 3432 605 3511 anteponeretur.
650 3427 789 3491 multum
816 3447 891 3490 vero
922 3427 956 3490 in
985 3426 1072 3490 bello
1099 3429 1152 3490 est

142 3521 302 3600 Versatur,
336 3537 436 3601 saepe
463 3516 659 3582 exercitibus
685 3513 841 3600 praefuit,
868 3535 1028 3598 nusquam
1056 3512 1152 3598 culpa
