<?xml version="1.0" encoding="UTF-8"?>
<!DOCTYPE html PUBLIC "-//W3C//DTD XHTML 1.0 Transitional//EN"
    "http://www.w3.org/TR/xhtml1/DTD/xhtml1-transitional.dtd">
<html xmlns="http://www.w3.org/1999/xhtml" xml:lang="en" lang="en">
 <head>
  <title>
</title>
<meta http-equiv="Content-Type" content="text/html;charset=utf-8" />
  <meta name='ocr-system' content='tesseract 3.04.00' />
  <meta name='ocr-capabilities' content='ocr_page ocr_carea ocr_par ocr_line ocrx_word'/>
</head>
<body>
  <div class='ocr_page' id='page_1' title='image "./corneliinepotis03halmgoog_0018.png"; bbox 0 0 2460 3848; ppageno 0'>
   <div class='ocr_carea' id='block_1_1' title="bbox 419 206 1096 274">
    <p class='ocr_par' dir='ltr' id='par_1_1' title="bbox 419 206 1096 274">
     <span class='ocr_line' id='line_1_1' title="bbox 419 206 1096 274; baseline 0.001 -13"><span class='ocrx_word' id='word_1_1' title='bbox 419 206 441 265; x_wconf 86' lang='lat'><strong>1.</strong></span> <span class='ocrx_word' id='word_1_2' title='bbox 464 207 665 262; x_wconf 80' lang='lat' dir='ltr'><strong>MILTIADES.</strong></span> <span class='ocrx_word' id='word_1_3' title='bbox 694 214 719 264; x_wconf 81' lang='lat'><strong>4.</strong></span> <span class='ocrx_word' id='word_1_4' title='bbox 738 214 753 262; x_wconf 78' lang='grc' dir='ltr'>ὅ</span> <span class='ocrx_word' id='word_1_5' title='bbox 1075 211 1096 274; x_wconf 83' lang='grc'>5</span> 
     </span>
    </p>
   </div>
   <div class='ocr_carea' id='block_1_2' title="bbox 91 351 1134 3585">
    <p class='ocr_par' dir='ltr' id='par_1_2' title="bbox 91 351 1129 1494">
     <span class='ocr_line' id='line_1_2' title="bbox 91 351 1096 437; baseline 0.001 -22"><span class='ocrx_word' id='word_1_6' title='bbox 91 356 158 416; x_wconf 90' lang='lat' dir='ltr'><strong>tam</strong></span> <span class='ocrx_word' id='word_1_7' title='bbox 182 352 364 435; x_wconf 91' lang='lat' dir='ltr'><strong>propinquo</strong></span> <span class='ocrx_word' id='word_1_8' title='bbox 388 356 520 435; x_wconf 91' lang='lat' dir='ltr'><strong>tamque</strong></span> <span class='ocrx_word' id='word_1_9' title='bbox 543 373 661 437; x_wconf 83' lang='lat' dir='ltr'><strong>magno</strong></span> <span class='ocrx_word' id='word_1_10' title='bbox 683 352 824 436; x_wconf 90' lang='lat' dir='ltr'><strong>permoti</strong></span> <span class='ocrx_word' id='word_1_11' title='bbox 845 351 1000 417; x_wconf 84' lang='lat' dir='ltr'><strong>auxilium</strong></span> <span class='ocrx_word' id='word_1_12' title='bbox 1022 373 1096 416; x_wconf 89' lang='lat' dir='ltr'><strong>nus-</strong></span> 
     </span>
     <span class='ocr_line' id='line_1_3' title="bbox 92 439 1095 524; baseline 0 -20"><span class='ocrx_word' id='word_1_13' title='bbox 92 461 190 524; x_wconf 85' lang='lat' dir='ltr'><strong>quam</strong></span> <span class='ocrx_word' id='word_1_14' title='bbox 212 440 276 503; x_wconf 89' lang='lat' dir='ltr'><strong>nisi</strong></span> <span class='ocrx_word' id='word_1_15' title='bbox 299 461 318 504; x_wconf 92' lang='grc'><strong>1</strong></span> <span class='ocrx_word' id='word_1_16' title='bbox 340 439 604 505; x_wconf 80' lang='lat' dir='ltr'><strong>Lacedaemoniis</strong></span> <span class='ocrx_word' id='word_1_17' title='bbox 628 441 814 523; x_wconf 87' lang='lat' dir='ltr'><strong>petiverunt</strong></span> <span class='ocrx_word' id='word_1_18' title='bbox 836 439 1095 524; x_wconf 76' lang='lat' dir='ltr'>Phidippumque</span> 
     </span>
     <span class='ocr_line' id='line_1_4' title="bbox 92 527 1096 629; baseline -0.002 -36"><span class='ocrx_word' id='word_1_19' title='bbox 92 548 257 593; x_wconf 80' lang='lat' dir='ltr'><strong>cursorem</strong></span> <span class='ocrx_word' id='word_1_20' title='bbox 284 528 352 592; x_wconf 90' lang='lat' dir='ltr'><strong>eius</strong></span> <span class='ocrx_word' id='word_1_21' title='bbox 380 528 521 629; x_wconf 78' lang='lat' dir='ltr'><strong>generis,</strong></span> <span class='ocrx_word' id='word_1_22' title='bbox 553 527 610 611; x_wconf 92' lang='lat' dir='ltr'><strong>qui</strong></span> <span class='ocrx_word' id='word_1_23' title='bbox 638 527 903 593; x_wconf 86' lang='lat' dir='ltr'><strong>hemerodromoe</strong></span> <span class='ocrx_word' id='word_1_24' title='bbox 930 532 1096 612; x_wconf 83' lang='lat' dir='ltr'><strong>vocantur,</strong></span> 
     </span>
     <span class='ocr_line' id='line_1_5' title="bbox 92 614 1094 701; baseline 0 -21"><span class='ocrx_word' id='word_1_25' title='bbox 92 614 364 680; x_wconf 81' lang='lat' dir='ltr'><strong>Lacedaemonem</strong></span> <span class='ocrx_word' id='word_1_26' title='bbox 383 615 551 701; x_wconf 79' lang='lat' dir='ltr'><strong>miserrmt,</strong></span> <span class='ocrx_word' id='word_1_27' title='bbox 573 619 610 679; x_wconf 89' lang='lat' dir='ltr'><strong>ut</strong></span> <span class='ocrx_word' id='word_1_28' title='bbox 627 616 793 680; x_wconf 70' lang='lat' dir='ltr'><strong>nuntiaret</strong></span> <span class='ocrx_word' id='word_1_29' title='bbox 812 637 909 700; x_wconf 90' lang='lat' dir='ltr'><strong>quam</strong></span> <span class='ocrx_word' id='word_1_30' title='bbox 928 615 1094 680; x_wconf 86' lang='lat' dir='ltr'><strong>celerrimo</strong></span> 
     </span>
     <span class='ocr_line' id='line_1_6' title="bbox 92 703 1130 804; baseline 0 -37"><span class='ocrx_word' id='word_1_31' title='bbox 92 725 173 804; x_wconf 79' lang='lat' dir='ltr'><strong>opus</strong></span> <span class='ocrx_word' id='word_1_32' title='bbox 188 725 258 768; x_wconf 88' lang='lat' dir='ltr'><strong>esse</strong></span> <span class='ocrx_word' id='word_1_33' title='bbox 274 703 402 768; x_wconf 85' lang='lat' dir='ltr'><strong>auxilio.</strong></span> <span class='ocrx_word' id='word_1_34' title='bbox 434 703 522 768; x_wconf 89' lang='lat' dir='ltr'><strong>domi</strong></span> <span class='ocrx_word' id='word_1_35' title='bbox 539 707 649 768; x_wconf 92' lang='lat' dir='ltr'><strong>autem</strong></span> <span class='ocrx_word' id='word_1_36' title='bbox 663 707 774 768; x_wconf 88' lang='lat' dir='ltr'><strong>creant</strong></span> <span class='ocrx_word' id='word_1_37' title='bbox 792 705 902 768; x_wconf 88' lang='lat' dir='ltr'><strong>decem</strong></span> <span class='ocrx_word' id='word_1_38' title='bbox 919 707 1130 788; x_wconf 66' lang='lat' dir='ltr'><strong>praeterear</strong></span> 
     </span>
     <span class='ocr_line' id='line_1_7' title="bbox 93 791 1094 876; baseline 0 -20"><span class='ocrx_word' id='word_1_39' title='bbox 93 793 148 875; x_wconf 92' lang='lat' dir='ltr'><strong>qui</strong></span> <span class='ocrx_word' id='word_1_40' title='bbox 171 791 327 856; x_wconf 87' lang='lat' dir='ltr'><strong>exercitui</strong></span> <span class='ocrx_word' id='word_1_41' title='bbox 348 792 576 876; x_wconf 84' lang='lat' dir='ltr'><strong>praeessent‚&#39;</strong></span> <span class='ocrx_word' id='word_1_42' title='bbox 567 813 602 856; x_wconf 92' lang='grc'><strong>111</strong></span> <span class='ocrx_word' id='word_1_43' title='bbox 619 791 665 856; x_wconf 89' lang='lat' dir='ltr'><strong>eis</strong></span> <span class='ocrx_word' id='word_1_44' title='bbox 684 791 744 854; x_wconf 88' lang='lat' dir='ltr'><strong>Mil</strong></span> <span class='ocrx_word' id='word_1_45' title='bbox 746 792 874 857; x_wconf 91' lang='lat' dir='ltr'><strong>tiadem.</strong></span> <span class='ocrx_word' id='word_1_46' title='bbox 908 792 995 856; x_wconf 90' lang='lat' dir='ltr'><strong>inter</strong></span> <span class='ocrx_word' id='word_1_47' title='bbox 1013 812 1094 875; x_wconf 87' lang='grc'>(11111</span> 
     </span>
     <span class='ocr_line' id='line_1_8' title="bbox 92 878 1094 965; baseline -0.001 -21"><span class='ocrx_word' id='word_1_48' title='bbox 92 901 210 965; x_wconf 83' lang='lat' dir='ltr'><strong>magna</strong></span> <span class='ocrx_word' id='word_1_49' title='bbox 232 878 297 944; x_wconf 83' lang='lat' dir='ltr'><strong>fuit</strong></span> <span class='ocrx_word' id='word_1_50' title='bbox 315 901 376 944; x_wconf 92' lang='lat' dir='ltr'><strong>con</strong></span> <span class='ocrx_word' id='word_1_51' title='bbox 377 880 534 964; x_wconf 87' lang='lat' dir='ltr'><strong>tentio‚u</strong></span> <span class='ocrx_word' id='word_1_52' title='bbox 512 883 624 944; x_wconf 89' lang='lat' dir='ltr'><strong>utrum</strong></span> <span class='ocrx_word' id='word_1_53' title='bbox 647 880 815 944; x_wconf 90' lang='lat' dir='ltr'><strong>moenibus</strong></span> <span class='ocrx_word' id='word_1_54' title='bbox 838 900 869 945; x_wconf 84' lang='lat' dir='ltr'><strong>sc</strong></span> <span class='ocrx_word' id='word_1_55' title='bbox 889 879 1094 944; x_wconf 79' lang='lat' dir='ltr'><strong>defenderent</strong></span> 
     </span>
     <span class='ocr_line' id='line_1_9' title="bbox 92 967 1129 1051; baseline 0.001 -18"><span class='ocrx_word' id='word_1_56' title='bbox 92 991 134 1033; x_wconf 89' lang='grc'><strong>111</strong></span> <span class='ocrx_word' id='word_1_57' title='bbox 157 967 286 1032; x_wconf 86' lang='lat' dir='ltr'><strong>obviam</strong></span> <span class='ocrx_word' id='word_1_58' title='bbox 308 967 394 1032; x_wconf 91' lang='lat' dir='ltr'><strong>irent</strong></span> <span class='ocrx_word' id='word_1_59' title='bbox 416 967 566 1032; x_wconf 89' lang='lat' dir='ltr'><strong>hostibus</strong></span> <span class='ocrx_word' id='word_1_60' title='bbox 594 967 725 1051; x_wconf 91' lang='lat' dir='ltr'><strong>acieque</strong></span> <span class='ocrx_word' id='word_1_61' title='bbox 752 968 967 1032; x_wconf 87' lang='lat' dir='ltr'><strong>decernerent.</strong></span> <span class='ocrx_word' id='word_1_62' title='bbox 1011 989 1093 1032; x_wconf 92' lang='lat' dir='ltr'><strong>unus</strong></span> <span class='ocrx_word' id='word_1_63' title='bbox 1113 985 1129 1035; x_wconf 79' lang='lat'>⁵</span> 
     </span>
     <span class='ocr_line' id='line_1_10' title="bbox 91 1055 1094 1141; baseline -0.002 -21"><span class='ocrx_word' id='word_1_64' title='bbox 91 1055 256 1120; x_wconf 83' lang='lat' dir='ltr'><strong>Miltiades</strong></span> <span class='ocrx_word' id='word_1_65' title='bbox 275 1056 413 1120; x_wconf 84' lang='lat' dir='ltr'><strong>maxime</strong></span> <span class='ocrx_word' id='word_1_66' title='bbox 431 1056 607 1141; x_wconf 88' lang='lat' dir='ltr'><strong>nitebatur,</strong></span> <span class='ocrx_word' id='word_1_67' title='bbox 624 1060 662 1120; x_wconf 92' lang='lat' dir='ltr'><strong>ut</strong></span> <span class='ocrx_word' id='word_1_68' title='bbox 679 1056 785 1140; x_wconf 91' lang='lat' dir='ltr'><strong>primo</strong></span> <span class='ocrx_word' id='word_1_69' title='bbox 803 1077 930 1139; x_wconf 91' lang='lat' dir='ltr'><strong>quoque</strong></span> <span class='ocrx_word' id='word_1_70' title='bbox 949 1059 1094 1139; x_wconf 91' lang='lat' dir='ltr'><strong>tempore</strong></span> 
     </span>
     <span class='ocr_line' id='line_1_11' title="bbox 92 1143 1095 1229; baseline -0.003 -19"><span class='ocrx_word' id='word_1_71' title='bbox 92 1149 199 1210; x_wconf 90' lang='lat' dir='ltr'><strong>castra</strong></span> <span class='ocrx_word' id='word_1_72' title='bbox 221 1144 349 1208; x_wconf 89' lang='lat' dir='ltr'><strong>fierent:</strong></span> <span class='ocrx_word' id='word_1_73' title='bbox 373 1144 405 1207; x_wconf 92' lang='lat' dir='ltr'><strong>id</strong></span> <span class='ocrx_word' id='word_1_74' title='bbox 428 1144 457 1209; x_wconf 90' lang='lat' dir='ltr'><strong>si</strong></span> <span class='ocrx_word' id='word_1_75' title='bbox 479 1143 603 1209; x_wconf 89' lang='lat' dir='ltr'><strong>factum</strong></span> <span class='ocrx_word' id='word_1_76' title='bbox 625 1148 725 1229; x_wconf 76' lang='lat' dir='ltr'><strong>esset,</strong></span> <span class='ocrx_word' id='word_1_77' title='bbox 748 1148 781 1208; x_wconf 92' lang='lat' dir='ltr'><strong>et</strong></span> <span class='ocrx_word' id='word_1_78' title='bbox 805 1144 928 1208; x_wconf 85' lang='lat' dir='ltr'><strong>civibus</strong></span> <span class='ocrx_word' id='word_1_79' title='bbox 952 1143 1095 1207; x_wconf 88' lang='lat' dir='ltr'><strong>animum</strong></span> 
     </span>
     <span class='ocr_line' id='line_1_12' title="bbox 92 1231 1095 1316; baseline -0.003 -18"><span class='ocrx_word' id='word_1_80' title='bbox 92 1253 307 1316; x_wconf 85' lang='lat' dir='ltr'><strong>accessurum,</strong></span> <span class='ocrx_word' id='word_1_81' title='bbox 326 1254 399 1296; x_wconf 91' lang='lat' dir='ltr'><strong>cum</strong></span> <span class='ocrx_word' id='word_1_82' title='bbox 418 1232 563 1297; x_wconf 86' lang='lat' dir='ltr'><strong>viderent</strong></span> <span class='ocrx_word' id='word_1_83' title='bbox 581 1232 620 1296; x_wconf 92' lang='lat' dir='ltr'><strong>de</strong></span> <span class='ocrx_word' id='word_1_84' title='bbox 639 1253 751 1297; x_wconf 90' lang='lat' dir='ltr'><strong>eorum</strong></span> <span class='ocrx_word' id='word_1_85' title='bbox 763 1232 885 1296; x_wconf 78' lang='lat' dir='ltr'><strong>virtute</strong></span> <span class='ocrx_word' id='word_1_86' title='bbox 903 1253 969 1296; x_wconf 93' lang='lat' dir='ltr'><strong>non</strong></span> <span class='ocrx_word' id='word_1_87' title='bbox 986 1231 1095 1315; x_wconf 88' lang='lat' dir='ltr'><strong>despe-</strong></span> 
     </span>
     <span class='ocr_line' id='line_1_13' title="bbox 92 1319 1095 1494; baseline -0.001 -21"><span class='ocrx_word' id='word_1_88' title='bbox 92 1321 207 1473; x_wconf 66' lang='grc'>11111</span> <span class='ocrx_word' id='word_1_89' title='bbox 209 1319 506 1473; x_wconf 63' lang='lat' dir='ltr'><strong>tltdttttt</strong></span> <span class='ocrx_word' id='word_1_90' title='bbox 515 1342 565 1473; x_wconf 69' lang='lat' dir='ltr'><strong>‘t</strong></span> <span class='ocrx_word' id='word_1_91' title='bbox 572 1319 1095 1494; x_wconf 62' lang='lat' dir='ltr'><strong>fttttssttsttdtdtt</strong></span> 
     </span>
    </p>

    <p class='ocr_par' dir='ltr' id='par_1_3' title="bbox 91 1495 1134 3585">
     <span class='ocr_line' id='line_1_14' title="bbox 179 1495 1134 1579; baseline 0.004 -19"><span class='ocrx_word' id='word_1_92' title='bbox 179 1495 252 1560; x_wconf 89' lang='lat' dir='ltr'><strong>Hoc</strong></span> <span class='ocrx_word' id='word_1_93' title='bbox 265 1495 300 1559; x_wconf 92' lang='lat' dir='ltr'><strong>in</strong></span> <span class='ocrx_word' id='word_1_94' title='bbox 313 1500 458 1579; x_wconf 89' lang='lat' dir='ltr'><strong>tempore</strong></span> <span class='ocrx_word' id='word_1_95' title='bbox 471 1496 562 1560; x_wconf 91' lang='lat' dir='ltr'><strong>nulla</strong></span> <span class='ocrx_word' id='word_1_96' title='bbox 576 1496 690 1561; x_wconf 86' lang='lat' dir='ltr'><strong>civitas</strong></span> <span class='ocrx_word' id='word_1_97' title='bbox 705 1495 959 1561; x_wconf 87' lang='lat' dir='ltr'><strong>Atheniensibus</strong></span> <span class='ocrx_word' id='word_1_98' title='bbox 973 1495 1094 1560; x_wconf 85' lang='lat' dir='ltr'><strong>auxilio</strong></span> <span class='ocrx_word' id='word_1_99' title='bbox 1112 1497 1134 1564; x_wconf 80' lang='grc'>5</span> 
     </span>
     <span class='ocr_line' id='line_1_15' title="bbox 92 1583 1094 1668; baseline -0.002 -20"><span class='ocrx_word' id='word_1_100' title='bbox 92 1584 156 1648; x_wconf 87' lang='lat' dir='ltr'><strong>fuit</strong></span> <span class='ocrx_word' id='word_1_101' title='bbox 178 1587 307 1668; x_wconf 91' lang='lat' dir='ltr'><strong>praeter</strong></span> <span class='ocrx_word' id='word_1_102' title='bbox 325 1583 541 1649; x_wconf 90' lang='lat' dir='ltr'><strong>Plataeenses.</strong></span> <span class='ocrx_word' id='word_1_103' title='bbox 574 1605 612 1648; x_wconf 88' lang='lat' dir='ltr'><strong>ea</strong></span> <span class='ocrx_word' id='word_1_104' title='bbox 630 1584 718 1648; x_wconf 91' lang='lat' dir='ltr'><strong>mille</strong></span> <span class='ocrx_word' id='word_1_105' title='bbox 742 1585 833 1648; x_wconf 90' lang='lat' dir='ltr'><strong>misit</strong></span> <span class='ocrx_word' id='word_1_106' title='bbox 855 1585 1006 1648; x_wconf 86' lang='lat' dir='ltr'><strong>militum.</strong></span> <span class='ocrx_word' id='word_1_107' title='bbox 1035 1583 1094 1647; x_wconf 83' lang='grc'><strong>111</strong></span> 
     </span>
     <span class='ocr_line' id='line_1_16' title="bbox 94 1671 1095 1757; baseline -0.002 -21"><span class='ocrx_word' id='word_1_108' title='bbox 94 1695 155 1757; x_wconf 87' lang='lat' dir='ltr'><strong>que</strong></span> <span class='ocrx_word' id='word_1_109' title='bbox 178 1672 295 1737; x_wconf 89' lang='lat' dir='ltr'><strong>horum</strong></span> <span class='ocrx_word' id='word_1_110' title='bbox 316 1672 456 1736; x_wconf 88' lang='lat' dir='ltr'><strong>adventu</strong></span> <span class='ocrx_word' id='word_1_111' title='bbox 479 1673 589 1736; x_wconf 88' lang='lat' dir='ltr'><strong>decem</strong></span> <span class='ocrx_word' id='word_1_112' title='bbox 606 1671 697 1735; x_wconf 91' lang='lat' dir='ltr'><strong>milia</strong></span> <span class='ocrx_word' id='word_1_113' title='bbox 716 1676 916 1736; x_wconf 87' lang='lat' dir='ltr'><strong>armatorum</strong></span> <span class='ocrx_word' id='word_1_114' title='bbox 935 1671 1095 1755; x_wconf 89' lang='lat' dir='ltr'><strong>completa</strong></span> 
     </span>
     <span class='ocr_line' id='line_1_17' title="bbox 92 1758 1095 1845; baseline -0.004 -19"><span class='ocrx_word' id='word_1_115' title='bbox 92 1765 181 1845; x_wconf 86' lang='lat' dir='ltr'><strong>sunt,</strong></span> <span class='ocrx_word' id='word_1_116' title='bbox 211 1781 293 1843; x_wconf 91' lang='lat' dir='ltr'><strong>quac</strong></span> <span class='ocrx_word' id='word_1_117' title='bbox 320 1781 433 1823; x_wconf 88' lang='lat' dir='ltr'><strong>manus</strong></span> <span class='ocrx_word' id='word_1_118' title='bbox 462 1759 604 1822; x_wconf 89' lang='lat' dir='ltr'><strong>mirabili</strong></span> <span class='ocrx_word' id='word_1_119' title='bbox 631 1758 792 1843; x_wconf 85' lang='lat' dir='ltr'><strong>flagrabat</strong></span> <span class='ocrx_word' id='word_1_120' title='bbox 818 1758 982 1844; x_wconf 83' lang='lat' dir='ltr'><strong>pugnandi</strong></span> <span class='ocrx_word' id='word_1_121' title='bbox 1010 1759 1095 1842; x_wconf 90' lang='lat' dir='ltr'><strong>cupi·</strong></span> 
     </span>
     <span class='ocr_line' id='line_1_18' title="bbox 92 1845 1129 1932; baseline 0.002 -20"><span class='ocrx_word' id='word_1_122' title='bbox 92 1849 202 1912; x_wconf 90' lang='lat' dir='ltr'><strong>ditate.</strong></span> <span class='ocrx_word' id='word_1_123' title='bbox 249 1869 312 1930; x_wconf 91' lang='lat' dir='ltr'><strong>quo</strong></span> <span class='ocrx_word' id='word_1_124' title='bbox 339 1846 463 1910; x_wconf 86' lang='lat' dir='ltr'><strong>factum</strong></span> <span class='ocrx_word' id='word_1_125' title='bbox 491 1850 541 1910; x_wconf 91' lang='lat' dir='ltr'><strong>est</strong></span> <span class='ocrx_word' id='word_1_126' title='bbox 567 1849 605 1910; x_wconf 90' lang='lat' dir='ltr'><strong>ut</strong></span> <span class='ocrx_word' id='word_1_127' title='bbox 631 1847 704 1930; x_wconf 91' lang='lat' dir='ltr'><strong>plus</strong></span> <span class='ocrx_word' id='word_1_128' title='bbox 734 1869 830 1930; x_wconf 91' lang='lat' dir='ltr'><strong>quam</strong></span> <span class='ocrx_word' id='word_1_129' title='bbox 858 1847 1000 1932; x_wconf 82' lang='lat' dir='ltr'><strong>collegae</strong></span> <span class='ocrx_word' id='word_1_130' title='bbox 1023 1845 1129 1915; x_wconf 77' lang='lat' dir='ltr'><strong>Mil-a</strong></span> 
     </span>
     <span class='ocr_line' id='line_1_19' title="bbox 92 1933 1095 2020; baseline -0.001 -20"><span class='ocrx_word' id='word_1_131' title='bbox 92 1936 196 2001; x_wconf 91' lang='lat' dir='ltr'><strong>tiades</strong></span> <span class='ocrx_word' id='word_1_132' title='bbox 215 1935 346 2000; x_wconf 88' lang='lat' dir='ltr'><strong>valeret.</strong></span> <span class='ocrx_word' id='word_1_133' title='bbox 377 1935 446 1999; x_wconf 92' lang='lat' dir='ltr'><strong>eius</strong></span> <span class='ocrx_word' id='word_1_134' title='bbox 465 1955 541 2020; x_wconf 82' lang='lat' dir='ltr'><strong>ergo</strong></span> <span class='ocrx_word' id='word_1_135' title='bbox 561 1935 756 2000; x_wconf 87' lang='lat' dir='ltr'><strong>auctoritate</strong></span> <span class='ocrx_word' id='word_1_136' title='bbox 774 1935 907 2019; x_wconf 89' lang='lat' dir='ltr'><strong>impulsi</strong></span> <span class='ocrx_word' id='word_1_137' title='bbox 920 1933 1095 1999; x_wconf 87' lang='lat' dir='ltr'><strong>Athenien-</strong></span> 
     </span>
     <span class='ocr_line' id='line_1_20' title="bbox 93 2023 1094 2107; baseline -0.002 -19"><span class='ocrx_word' id='word_1_138' title='bbox 93 2046 143 2088; x_wconf 89' lang='lat' dir='ltr'><strong>ses</strong></span> <span class='ocrx_word' id='word_1_139' title='bbox 172 2023 280 2107; x_wconf 86' lang='lat' dir='ltr'><strong>copias</strong></span> <span class='ocrx_word' id='word_1_140' title='bbox 309 2044 348 2086; x_wconf 85' lang='lat' dir='ltr'><strong>ex</strong></span> <span class='ocrx_word' id='word_1_141' title='bbox 374 2023 454 2087; x_wconf 88' lang='lat' dir='ltr'><strong>urbe</strong></span> <span class='ocrx_word' id='word_1_142' title='bbox 482 2023 659 2087; x_wconf 90' lang='lat' dir='ltr'><strong>eduxerunt</strong></span> <span class='ocrx_word' id='word_1_143' title='bbox 685 2024 821 2107; x_wconf 92' lang='lat' dir='ltr'><strong>locoque</strong></span> <span class='ocrx_word' id='word_1_144' title='bbox 848 2023 963 2087; x_wconf 89' lang='lat' dir='ltr'><strong>idoneo</strong></span> <span class='ocrx_word' id='word_1_145' title='bbox 987 2027 1094 2087; x_wconf 89' lang='lat' dir='ltr'><strong>castra</strong></span> 
     </span>
     <span class='ocr_line' id='line_1_21' title="bbox 91 2111 1129 2194; baseline 0.005 -19"><span class='ocrx_word' id='word_1_146' title='bbox 91 2112 246 2177; x_wconf 84' lang='lat' dir='ltr'><strong>fecerunt.</strong></span> <span class='ocrx_word' id='word_1_147' title='bbox 286 2111 360 2175; x_wconf 92' lang='lat' dir='ltr'><strong>dein</strong></span> <span class='ocrx_word' id='word_1_148' title='bbox 382 2115 513 2194; x_wconf 88' lang='lat' dir='ltr'><strong>postero</strong></span> <span class='ocrx_word' id='word_1_149' title='bbox 538 2111 588 2175; x_wconf 91' lang='lat' dir='ltr'><strong>dic</strong></span> <span class='ocrx_word' id='word_1_150' title='bbox 611 2111 671 2175; x_wconf 91' lang='lat' dir='ltr'><strong>sub</strong></span> <span class='ocrx_word' id='word_1_151' title='bbox 694 2111 815 2176; x_wconf 93' lang='lat' dir='ltr'><strong>montis</strong></span> <span class='ocrx_word' id='word_1_152' title='bbox 838 2111 1001 2176; x_wconf 85' lang='lat' dir='ltr'><strong>radicibus</strong></span> <span class='ocrx_word' id='word_1_153' title='bbox 1025 2111 1129 2180; x_wconf 83' lang='grc'>11118</span> 
     </span>
     <span class='ocr_line' id='line_1_22' title="bbox 91 2197 1093 2300; baseline -0.002 -35"><span class='ocrx_word' id='word_1_154' title='bbox 91 2201 222 2286; x_wconf 87' lang='lat' dir='ltr'><strong>regione</strong></span> <span class='ocrx_word' id='word_1_155' title='bbox 254 2199 414 2262; x_wconf 91' lang='lat' dir='ltr'><strong>instructa</strong></span> <span class='ocrx_word' id='word_1_156' title='bbox 444 2221 511 2263; x_wconf 91' lang='lat' dir='ltr'><strong>non</strong></span> <span class='ocrx_word' id='word_1_157' title='bbox 542 2199 747 2283; x_wconf 90' lang='lat' dir='ltr'><strong>apertissima</strong></span> <span class='ocrx_word' id='word_1_158' title='bbox 778 2197 930 2300; x_wconf 87' lang='lat' dir='ltr'><strong>(namque</strong></span> <span class='ocrx_word' id='word_1_159' title='bbox 962 2200 1093 2264; x_wconf 90' lang='lat' dir='ltr'><strong>arbores</strong></span> 
     </span>
     <span class='ocr_line' id='line_1_23' title="bbox 92 2284 1094 2388; baseline -0.002 -36"><span class='ocrx_word' id='word_1_160' title='bbox 92 2289 204 2353; x_wconf 90' lang='lat' dir='ltr'><strong>multis</strong></span> <span class='ocrx_word' id='word_1_161' title='bbox 232 2288 312 2352; x_wconf 87' lang='lat' dir='ltr'><strong>locis</strong></span> <span class='ocrx_word' id='word_1_162' title='bbox 340 2291 433 2351; x_wconf 91' lang='lat' dir='ltr'><strong>erant</strong></span> <span class='ocrx_word' id='word_1_163' title='bbox 460 2284 564 2388; x_wconf 83' lang='lat' dir='ltr'><strong>rarae)</strong></span> <span class='ocrx_word' id='word_1_164' title='bbox 592 2288 752 2371; x_wconf 90' lang='lat' dir='ltr'><strong>proelium</strong></span> <span class='ocrx_word' id='word_1_165' title='bbox 774 2287 1006 2352; x_wconf 88' lang='lat' dir='ltr'><strong>commiserrmt</strong></span> <span class='ocrx_word' id='word_1_166' title='bbox 1032 2285 1094 2351; x_wconf 92' lang='lat' dir='ltr'><strong>hoc</strong></span> 
     </span>
     <span class='ocr_line' id='line_1_24' title="bbox 92 2375 1095 2461; baseline -0.003 -20"><span class='ocrx_word' id='word_1_167' title='bbox 92 2376 242 2460; x_wconf 86' lang='lat' dir='ltr'><strong>consilio,</strong></span> <span class='ocrx_word' id='word_1_168' title='bbox 268 2379 306 2439; x_wconf 92' lang='lat' dir='ltr'><strong>ut</strong></span> <span class='ocrx_word' id='word_1_169' title='bbox 334 2379 367 2438; x_wconf 90' lang='lat' dir='ltr'><strong>et</strong></span> <span class='ocrx_word' id='word_1_170' title='bbox 393 2375 554 2439; x_wconf 90' lang='lat' dir='ltr'><strong>montium</strong></span> <span class='ocrx_word' id='word_1_171' title='bbox 582 2376 753 2440; x_wconf 86' lang='lat' dir='ltr'><strong>altitudine</strong></span> <span class='ocrx_word' id='word_1_172' title='bbox 781 2378 968 2461; x_wconf 84' lang='lat' dir='ltr'><strong>tegerentur</strong></span> <span class='ocrx_word' id='word_1_173' title='bbox 991 2378 1024 2438; x_wconf 91' lang='lat' dir='ltr'><strong>et</strong></span> <span class='ocrx_word' id='word_1_174' title='bbox 1047 2395 1095 2438; x_wconf 90' lang='lat' dir='ltr'><strong>ar·</strong></span> 
     </span>
     <span class='ocr_line' id='line_1_25' title="bbox 92 2462 1095 2547; baseline -0.002 -19"><span class='ocrx_word' id='word_1_175' title='bbox 92 2465 208 2529; x_wconf 89' lang='lat' dir='ltr'><strong>borum</strong></span> <span class='ocrx_word' id='word_1_176' title='bbox 230 2467 338 2528; x_wconf 89' lang='lat' dir='ltr'><strong>tractu</strong></span> <span class='ocrx_word' id='word_1_177' title='bbox 361 2463 526 2546; x_wconf 88' lang='lat' dir='ltr'><strong>equitatus</strong></span> <span class='ocrx_word' id='word_1_178' title='bbox 547 2462 634 2527; x_wconf 91' lang='lat' dir='ltr'><strong>host</strong></span> <span class='ocrx_word' id='word_1_179' title='bbox 610 2467 693 2528; x_wconf 86' lang='lat' dir='ltr'><strong>trum</strong></span> <span class='ocrx_word' id='word_1_180' title='bbox 713 2463 924 2547; x_wconf 86' lang='lat' dir='ltr'><strong>impediretur</strong></span> <span class='ocrx_word' id='word_1_181' title='bbox 944 2463 1095 2542; x_wconf 85' lang='grc'>[111111111-</span> 
     </span>
     <span class='ocr_line' id='line_1_26' title="bbox 92 2549 1129 2634; baseline 0.002 -18"><span class='ocrx_word' id='word_1_182' title='bbox 92 2552 232 2616; x_wconf 88' lang='lat' dir='ltr'><strong>titudine</strong></span> <span class='ocrx_word' id='word_1_183' title='bbox 255 2551 502 2634; x_wconf 90' lang='lat' dir='ltr'><strong>clauderentur].</strong></span> <span class='ocrx_word' id='word_1_184' title='bbox 538 2549 633 2617; x_wconf 91' lang='lat' dir='ltr'><strong>Datis</strong></span> <span class='ocrx_word' id='word_1_185' title='bbox 652 2552 715 2615; x_wconf 90' lang='lat' dir='ltr'><strong>etsi</strong></span> <span class='ocrx_word' id='word_1_186' title='bbox 737 2572 803 2614; x_wconf 92' lang='lat' dir='ltr'><strong>non</strong></span> <span class='ocrx_word' id='word_1_187' title='bbox 826 2571 964 2633; x_wconf 89' lang='lat' dir='ltr'><strong>aequum</strong></span> <span class='ocrx_word' id='word_1_188' title='bbox 986 2551 1129 2619; x_wconf 74' lang='lat' dir='ltr'><strong>locumt</strong></span> 
     </span>
     <span class='ocr_line' id='line_1_27' title="bbox 93 2638 1093 2723; baseline -0.002 -19"><span class='ocrx_word' id='word_1_189' title='bbox 93 2640 223 2704; x_wconf 83' lang='lat' dir='ltr'><strong>videbat</strong></span> <span class='ocrx_word' id='word_1_190' title='bbox 250 2639 330 2723; x_wconf 87' lang='lat' dir='ltr'><strong>suis,</strong></span> <span class='ocrx_word' id='word_1_191' title='bbox 358 2642 466 2702; x_wconf 92' lang='lat' dir='ltr'><strong>tamen</strong></span> <span class='ocrx_word' id='word_1_192' title='bbox 491 2638 594 2703; x_wconf 82' lang='lat' dir='ltr'><strong>fretus</strong></span> <span class='ocrx_word' id='word_1_193' title='bbox 617 2660 750 2704; x_wconf 88' lang='lat' dir='ltr'><strong>numero</strong></span> <span class='ocrx_word' id='word_1_194' title='bbox 775 2639 940 2722; x_wconf 86' lang='lat' dir='ltr'><strong>copiarum</strong></span> <span class='ocrx_word' id='word_1_195' title='bbox 963 2661 1093 2704; x_wconf 89' lang='lat' dir='ltr'><strong>suarum</strong></span> 
     </span>
     <span class='ocr_line' id='line_1_28' title="bbox 93 2726 1094 2812; baseline -0.001 -21"><span class='ocrx_word' id='word_1_196' title='bbox 93 2726 265 2811; x_wconf 85' lang='lat' dir='ltr'><strong>confligere</strong></span> <span class='ocrx_word' id='word_1_197' title='bbox 295 2726 461 2809; x_wconf 87' lang='lat' dir='ltr'><strong>cupiebat,</strong></span> <span class='ocrx_word' id='word_1_198' title='bbox 493 2748 593 2810; x_wconf 90' lang='lat' dir='ltr'><strong>eoque</strong></span> <span class='ocrx_word' id='word_1_199' title='bbox 622 2728 740 2812; x_wconf 83' lang='lat' dir='ltr'><strong>magis,</strong></span> <span class='ocrx_word' id='word_1_200' title='bbox 773 2727 873 2810; x_wconf 86' lang='lat' dir='ltr'><strong>quod,</strong></span> <span class='ocrx_word' id='word_1_201' title='bbox 904 2727 1094 2811; x_wconf 89' lang='lat' dir='ltr'><strong>priusquam</strong></span> 
     </span>
     <span class='ocr_line' id='line_1_29' title="bbox 93 2813 1094 2897; baseline -0.001 -18"><span class='ocrx_word' id='word_1_202' title='bbox 93 2813 339 2879; x_wconf 83' lang='lat' dir='ltr'><strong>Lacedaemonii</strong></span> <span class='ocrx_word' id='word_1_203' title='bbox 366 2813 510 2878; x_wconf 90' lang='lat' dir='ltr'><strong>subsidio</strong></span> <span class='ocrx_word' id='word_1_204' title='bbox 538 2815 697 2897; x_wconf 85' lang='lat' dir='ltr'><strong>venirent,</strong></span> <span class='ocrx_word' id='word_1_205' title='bbox 725 2813 876 2879; x_wconf 88' lang='lat' dir='ltr'><strong>dimicare</strong></span> <span class='ocrx_word' id='word_1_206' title='bbox 903 2815 983 2880; x_wconf 90' lang='lat' dir='ltr'><strong>utile</strong></span> <span class='ocrx_word' id='word_1_207' title='bbox 1012 2816 1094 2880; x_wconf 88' lang='lat' dir='ltr'><strong>arbi-</strong></span> 
     </span>
     <span class='ocr_line' id='line_1_30' title="bbox 93 2901 1094 2987; baseline 0 -21"><span class='ocrx_word' id='word_1_208' title='bbox 93 2904 251 2967; x_wconf 87' lang='lat' dir='ltr'><strong>trabatur.</strong></span> <span class='ocrx_word' id='word_1_209' title='bbox 292 2901 403 2984; x_wconf 90' lang='lat' dir='ltr'><strong>itaquc</strong></span> <span class='ocrx_word' id='word_1_210' title='bbox 425 2901 460 2965; x_wconf 92' lang='lat' dir='ltr'><strong>in</strong></span> <span class='ocrx_word' id='word_1_211' title='bbox 482 2902 584 2967; x_wconf 90' lang='lat' dir='ltr'><strong>aciem</strong></span> <span class='ocrx_word' id='word_1_212' title='bbox 606 2902 752 2986; x_wconf 90' lang='lat' dir='ltr'><strong>peditum</strong></span> <span class='ocrx_word' id='word_1_213' title='bbox 775 2907 918 2986; x_wconf 87' lang='lat' dir='ltr'><strong>centum,</strong></span> <span class='ocrx_word' id='word_1_214' title='bbox 948 2903 1094 2987; x_wconf 89' lang='lat' dir='ltr'><strong>equitum</strong></span> 
     </span>
     <span class='ocr_line' id='line_1_31' title="bbox 92 2989 1129 3074; baseline 0.003 -20"><span class='ocrx_word' id='word_1_215' title='bbox 92 2992 202 3055; x_wconf 90' lang='lat' dir='ltr'><strong>decem</strong></span> <span class='ocrx_word' id='word_1_216' title='bbox 226 2989 317 3053; x_wconf 90' lang='lat' dir='ltr'><strong>milia</strong></span> <span class='ocrx_word' id='word_1_217' title='bbox 338 2989 492 3073; x_wconf 82' lang='lat' dir='ltr'><strong>produxit</strong></span> <span class='ocrx_word' id='word_1_218' title='bbox 513 2991 736 3074; x_wconf 87' lang='lat' dir='ltr'><strong>proeliumque</strong></span> <span class='ocrx_word' id='word_1_219' title='bbox 760 2991 931 3056; x_wconf 87' lang='lat' dir='ltr'><strong>commisit.</strong></span> <span class='ocrx_word' id='word_1_220' title='bbox 972 2992 1007 3055; x_wconf 90' lang='lat' dir='ltr'><strong>in</strong></span> <span class='ocrx_word' id='word_1_221' title='bbox 1030 3007 1129 3074; x_wconf 75' lang='lat' dir='ltr'><strong>quoa</strong></span> 
     </span>
     <span class='ocr_line' id='line_1_32' title="bbox 92 3077 1095 3164; baseline 0 -22"><span class='ocrx_word' id='word_1_222' title='bbox 92 3083 185 3143; x_wconf 89' lang='lat' dir='ltr'><strong>tanto</strong></span> <span class='ocrx_word' id='word_1_223' title='bbox 212 3078 286 3163; x_wconf 86' lang='lat' dir='ltr'><strong>plus</strong></span> <span class='ocrx_word' id='word_1_224' title='bbox 312 3077 434 3142; x_wconf 79' lang='lat' dir='ltr'><strong>virtute</strong></span> <span class='ocrx_word' id='word_1_225' title='bbox 462 3079 632 3143; x_wconf 88' lang='lat' dir='ltr'><strong>valuerunt</strong></span> <span class='ocrx_word' id='word_1_226' title='bbox 654 3078 882 3164; x_wconf 83' lang='lat' dir='ltr'><strong>Athenienses,</strong></span> <span class='ocrx_word' id='word_1_227' title='bbox 910 3083 947 3143; x_wconf 94' lang='lat' dir='ltr'><strong>ut</strong></span> <span class='ocrx_word' id='word_1_228' title='bbox 973 3079 1095 3143; x_wconf 88' lang='lat' dir='ltr'><strong>dcccm-</strong></span> 
     </span>
     <span class='ocr_line' id='line_1_33' title="bbox 92 3165 1094 3253; baseline -0.001 -22"><span class='ocrx_word' id='word_1_229' title='bbox 92 3166 210 3250; x_wconf 87' lang='lat' dir='ltr'><strong>plicem</strong></span> <span class='ocrx_word' id='word_1_230' title='bbox 238 3187 408 3230; x_wconf 93' lang='lat' dir='ltr'><strong>numerum</strong></span> <span class='ocrx_word' id='word_1_231' title='bbox 440 3165 585 3230; x_wconf 88' lang='lat' dir='ltr'><strong>hostium</strong></span> <span class='ocrx_word' id='word_1_232' title='bbox 616 3167 835 3253; x_wconf 80' lang='lat' dir='ltr'><strong>profligarint,</strong></span> <span class='ocrx_word' id='word_1_233' title='bbox 867 3167 1009 3250; x_wconf 89' lang='lat' dir='ltr'><strong>adeoque</strong></span> <span class='ocrx_word' id='word_1_234' title='bbox 1039 3187 1094 3230; x_wconf 91' lang='lat' dir='ltr'><strong>eos</strong></span> 
     </span>
     <span class='ocr_line' id='line_1_34' title="bbox 91 3253 1095 3339; baseline 0 -21"><span class='ocrx_word' id='word_1_235' title='bbox 91 3258 344 3338; x_wconf 81' lang='lat' dir='ltr'><strong>perterruerrmt,</strong></span> <span class='ocrx_word' id='word_1_236' title='bbox 366 3258 404 3318; x_wconf 92' lang='lat' dir='ltr'><strong>ut</strong></span> <span class='ocrx_word' id='word_1_237' title='bbox 426 3253 544 3319; x_wconf 90' lang='lat' dir='ltr'><strong>Persae</strong></span> <span class='ocrx_word' id='word_1_238' title='bbox 566 3277 633 3319; x_wconf 90' lang='lat' dir='ltr'><strong>non</strong></span> <span class='ocrx_word' id='word_1_239' title='bbox 655 3259 775 3339; x_wconf 89' lang='lat' dir='ltr'><strong>castra,</strong></span> <span class='ocrx_word' id='word_1_240' title='bbox 800 3256 855 3319; x_wconf 89' lang='lat' dir='ltr'><strong>sed</strong></span> <span class='ocrx_word' id='word_1_241' title='bbox 877 3277 974 3319; x_wconf 88' lang='lat' dir='ltr'><strong>naves</strong></span> <span class='ocrx_word' id='word_1_242' title='bbox 997 3255 1095 3338; x_wconf 90' lang='lat' dir='ltr'><strong>petie-</strong></span> 
     </span>
     <span class='ocr_line' id='line_1_35' title="bbox 91 3342 1095 3427; baseline -0.001 -21"><span class='ocrx_word' id='word_1_243' title='bbox 91 3342 167 3406; x_wconf 89' lang='lat' dir='ltr'><strong>rint.</strong></span> <span class='ocrx_word' id='word_1_244' title='bbox 208 3363 271 3426; x_wconf 91' lang='lat' dir='ltr'><strong>qua</strong></span> <span class='ocrx_word' id='word_1_245' title='bbox 297 3363 407 3427; x_wconf 82' lang='lat' dir='ltr'><strong>pugna</strong></span> <span class='ocrx_word' id='word_1_246' title='bbox 432 3342 515 3406; x_wconf 93' lang='lat' dir='ltr'><strong>nihil</strong></span> <span class='ocrx_word' id='word_1_247' title='bbox 544 3342 648 3407; x_wconf 90' lang='lat' dir='ltr'><strong>adhuc</strong></span> <span class='ocrx_word' id='word_1_248' title='bbox 670 3342 798 3407; x_wconf 87' lang='lat' dir='ltr'><strong>exstitit</strong></span> <span class='ocrx_word' id='word_1_249' title='bbox 820 3343 977 3407; x_wconf 92' lang='lat' dir='ltr'><strong>nobilius:</strong></span> <span class='ocrx_word' id='word_1_250' title='bbox 1005 3343 1095 3408; x_wconf 91' lang='lat' dir='ltr'><strong>nulla</strong></span> 
     </span>
     <span class='ocr_line' id='line_1_36' title="bbox 92 3431 1115 3518; baseline -0.007 -23"><span class='ocrx_word' id='word_1_251' title='bbox 92 3431 178 3495; x_wconf 91' lang='lat' dir='ltr'><strong>enim</strong></span> <span class='ocrx_word' id='word_1_252' title='bbox 206 3452 361 3514; x_wconf 91' lang='lat' dir='ltr'><strong>umquam</strong></span> <span class='ocrx_word' id='word_1_253' title='bbox 391 3433 460 3494; x_wconf 93' lang='lat' dir='ltr'><strong>tam</strong></span> <span class='ocrx_word' id='word_1_254' title='bbox 487 3431 603 3518; x_wconf 88' lang='lat' dir='ltr'><strong>exigua</strong></span> <span class='ocrx_word' id='word_1_255' title='bbox 633 3453 749 3496; x_wconf 89' lang='lat' dir='ltr'><strong>manus</strong></span> <span class='ocrx_word' id='word_1_256' title='bbox 777 3435 895 3494; x_wconf 76' lang='lat' dir='ltr'><strong>tantas</strong></span> <span class='ocrx_word' id='word_1_257' title='bbox 924 3450 1011 3508; x_wconf 63' lang='lat' dir='ltr'><strong>eqes</strong></span> <span class='ocrx_word' id='word_1_258' title='bbox 1033 3447 1115 3500; x_wconf 58' lang='lat' dir='ltr'><strong>’qw-</strong></span> 
     </span>
     <span class='ocr_line' id='line_1_37' title="bbox 91 3518 216 3585; baseline -0.016 0"><span class='ocrx_word' id='word_1_259' title='bbox 91 3518 216 3585; x_wconf 81' lang='lat' dir='ltr'><strong>stravit</strong></span> 
     </span>
    </p>
   </div>
   <div class='ocr_carea' id='block_1_3' title="bbox 0 0 1235 3848">
    <p class='ocr_par' dir='ltr' id='par_1_4' title="bbox 0 0 1235 3848">
     <span class='ocr_line' id='line_1_38' title="bbox 0 0 1235 3848; baseline 0 0"><span class='ocrx_word' id='word_1_260' title='bbox 0 0 1235 3848; x_wconf 95' lang='lat' dir='ltr'><strong> </strong></span> 
     </span>
    </p>
   </div>
  </div>
 </body>
</html>
