2460 3848
470 225 503 280 x.
523 225 619 282 mou.
648 233 671 280 1.
690 232 715 280 e.
1049 226 1092 290 37

491 409 534 481 X.
561 407 686 484 DION.

179 546 275 632 Dion,
296 546 468 630 Hipparini
488 546 585 630 filius,
604 543 833 631 Syracusanus,
855 547 958 612 nobili
976 568 1092 633 genero
1113 551 1130 617 l

91 639 206 720 natus,
245 638 382 719 utraque
417 634 604 719 implicatus
644 635 815 718 tyrannide
851 634 1092 720 Dionysiorum.

91 746 229 807 namque
255 724 311 789 ille
339 723 485 807 superior
508 722 770 807 Aristomachen,
800 744 945 788 sororem
967 722 1093 808 Dionis,

92 813 207 877 habuit
224 812 259 876 in
277 812 494 895 matrimonio,
516 833 556 875 ex
574 832 638 894 qua
656 811 735 875 duos
758 811 853 896 filios,
877 811 1094 896 Hipparinum

19 947 23 950 ⁴
93 905 126 966 et
148 899 313 985 Nisaeum,
335 899 518 984 procreavit
540 899 740 982 totidemque
763 899 862 983 filias,
883 901 1013 964 nomine
1038 899 1094 965 So·

91 990 277 1074 phrosynen
300 993 334 1054 et
356 987 487 1072 Areten,
512 1009 647 1070 quarum
670 988 811 1071 priorem
833 986 992 1072 Dionysio
1016 988 1094 1073 filio,

92 1078 196 1144 eidem
224 1077 276 1141 cui
303 1096 439 1162 rognum
470 1076 615 1160 reliquit,
646 1080 784 1158 nuptum
817 1076 918 1161 dedit,
950 1077 1095 1161 alteram,

91 1165 230 1251 Areten,
252 1164 360 1230 Dioni.
405 1164 493 1228 Dion
519 1168 628 1228 autem
654 1167 784 1247 praeter
811 1186 1001 1250 generosam
1022 1183 1130 1249 proc

91 1254 309 1340 pinquitatem
335 1252 540 1336 nobilemque
567 1252 726 1316 maiorum
753 1251 874 1317 famam
901 1254 1004 1318 multa
1031 1252 1096 1317 alia

93 1344 134 1407 ab
156 1346 274 1407 natura
296 1341 412 1406 habuit
433 1341 528 1425 bona,
550 1341 585 1404 in
608 1340 654 1403 eis
671 1340 844 1425 ingenium
863 1341 974 1426 docile,
996 1363 1095 1427 come,

94 1434 207 1515 aptum
226 1428 266 1492 ad
285 1433 371 1493 artos
391 1429 541 1513 optimas,
559 1449 711 1513 magnam
730 1429 874 1512 corporis
893 1430 1096 1515 dignitatem,

94 1539 175 1602 quae
206 1538 272 1581 non
303 1517 473 1581 minimum
505 1516 726 1600 commendat,
762 1538 897 1602 magnas
928 1523 1096 1601 praeterea

94 1605 223 1670 divitias
247 1609 376 1689 apatre
398 1604 538 1688 relictas,
561 1625 640 1687 quas
663 1604 732 1686 ipse
756 1605 886 1687 tyranni
909 1607 1095 1671 muneribus

94 1698 236 1760 auxerat.
281 1696 351 1757 erat
377 1692 512 1756 intimus
535 1690 693 1774 Dionysio
721 1691 836 1776 priori,
863 1714 966 1775 neque
989 1694 1131 1761 minusa

93 1786 227 1868 propter
254 1800 360 1844 mores
393 1800 490 1863 quam
518 1777 720 1842 affinitatem.
765 1801 904 1862 namque
932 1781 994 1845 etsi
1020 1780 1097 1845 Dio·

93 1870 180 1954 nysii
204 1867 377 1932 crudelitas
401 1867 431 1931 ei
453 1866 661 1951 displicebat,
684 1871 793 1930 tamur
816 1869 942 1932 salvum
963 1873 1097 1953 propter

93 1956 377 2039 necessitudinem,
405 1955 509 2040 magis
537 1954 635 2018 etiam
662 1976 795 2019 suorum
818 1977 915 2021 causa
937 1957 1097 2022 studebat

95 2045 207 2110 aderat
229 2045 263 2108 in
285 2044 412 2129 magnis
435 2044 541 2128 rebus,
564 2043 695 2125 eiusque
719 2043 854 2108 consilio
872 2045 1012 2109 multum
1030 2069 1097 2112 mo-

94 2133 231 2214 vebatur
257 2136 428 2216 tyrannus,
454 2131 519 2196 nisi
542 2153 605 2215 qua
627 2132 662 2195 in
684 2152 719 2196 re
749 2132 853 2197 maior
879 2134 982 2218 ipsius
1011 2136 1097 2219 cupi·

95 2222 180 2288 ditas
198 2221 434 2286 intercesserat.
465 2220 645 2306 legationes
658 2241 734 2284 vero
750 2241 870 2305 omnes,
888 2243 970 2305 quaa
989 2227 1097 2287 essent
1114 2239 1132 2290 a

94 2310 298 2393 illustriores,
310 2331 368 2393 per
381 2308 521 2374 Dionem
535 2308 857 2373 administrabantur:
877 2330 957 2392 quas
968 2310 1097 2393 quidem

94 2397 150 2462 illc
173 2398 345 2482 diligenter
368 2397 529 2481 obeundo,
551 2396 689 2460 fideliter
712 2396 966 2460 administrando
990 2397 1097 2461 crude

95 2485 257 2550 lissimum
269 2506 388 2549 nomen
401 2485 531 2569 tyranni
546 2505 605 2548 sua
617 2484 820 2548 humanitate
834 2484 985 2548 leniebat.
1011 2485 1096 2550 hunc
1115 2501 1132 2551 5

96 2595 115 2637 a
142 2572 300 2655 Dionysio
328 2573 464 2637 missum
487 2571 777 2657 Karthaginienses
804 2573 848 2636 sic
875 2578 1097 2659 suspexerunt,

95 2665 134 2725 ut
150 2661 312 2724 neminem
330 2681 484 2743 umquam
504 2657 626 2724 Graeca
648 2660 760 2744 lingua
783 2659 970 2742 loquentem
992 2662 1096 2747 magis

96 2748 163 2813 sint
186 2747 346 2812 admirati.

183 2834 297 2919 Neque
307 2856 382 2900 vero
396 2835 475 2900 haec
484 2834 678 2919 Dionysium
691 2834 873 2920 fugiebant:
886 2858 963 2901 nam
974 2842 1097 2921 quanto
1116 2840 1138 2905 2

96 2928 183 2990 esset
210 2923 273 2989 sibi
301 2926 505 3008 ornamento,
537 2924 707 2988 sentiebat.
752 2944 815 3007 quo
847 2924 947 2988 fiebat
976 2930 1013 2989 ut
1042 2927 1097 2988 uni

95 3013 171 3077 huic
194 3012 332 3076 maxime
355 3011 538 3097 indulgeret
560 3033 663 3094 neque
687 3033 760 3076 eum
783 3033 874 3076 secus
893 3013 1043 3098 diligeret
1061 3034 1098 3078 ac

96 3100 213 3165 filium:
241 3101 296 3184 qui
320 3100 462 3184 quidem,
485 3122 558 3164 cum
580 3099 752 3164 Platonem
774 3100 950 3164 Tarentum
972 3100 1134 3167 venissen

96 3185 184 3252 fama
200 3188 235 3252 in
255 3187 399 3254 Siciliam
418 3191 504 3252 esset
526 3188 660 3273 perlata,
684 3189 879 3254 adulescenti
897 3209 1015 3273 negare
1033 3209 1099 3252 non

95 3277 249 3360 potuerit,
273 3277 351 3360 quin
369 3299 443 3341 eum
461 3281 647 3360 arcesseret,
666 3298 738 3341 cum
756 3275 844 3340 Dion
862 3276 930 3340 eius
950 3276 1098 3340 audiendi

96 3363 273 3447 cupiditate
302 3365 463 3450 flagraret.
509 3364 597 3429 dedit
621 3385 698 3451 ergo
720 3364 796 3428 huic
819 3364 946 3429 veniam
969 3385 1099 3449 magna-

96 3473 158 3536 que
185 3473 259 3516 eum
289 3454 465 3517 ambitione
490 3451 666 3537 Syracusas
689 3452 855 3537 perduint.
899 3451 1163 3530 quamnim

95 3540 175 3606 adeo
202 3540 378 3608 admiratus
407 3547 459 3608 est
487 3545 589 3631 atque
618 3541 812 3622 adamarit,
836 3541 883 3600 ut
903 3554 946 3596 se
967 3532 1008 3591 «ἐκ
1025 3529 1159 3585 notum
