2460 3848
356 209 416 264 xv.
434 207 707 280 arnmnouuas,
734 217 830 267 s-ro.
1054 214 1094 278 61

91 356 228 440 subiret,
256 355 312 418 sed
333 376 434 418 unum
457 354 498 417 ab
521 353 562 417 iis
585 355 715 437 petivit,
744 359 782 420 ut
808 356 843 420 in
865 357 1012 441 sepulcro
1036 381 1095 424 suo

89 444 318 510 inscriberent:
355 441 608 527 ‘Epaminondas
638 466 658 506 a
684 443 847 508 Thebanis
880 449 984 509 morte
1016 447 1130 514 mul-8

91 536 180 597 tatus
213 536 280 616 est,
312 530 398 614 quod
430 552 485 595 cos
517 530 626 616 oodgit
657 531 742 614 apud
773 531 912 598 Leuctra
944 555 1094 617 superare

91 619 373 701 Lacedaemonios,
397 639 478 701 quos
496 622 571 683 ante
586 639 620 683 se
641 618 871 703 imperatorem
884 643 979 686 nemo
994 621 1096 688 Boeo

91 714 201 773 torum
224 729 320 772 ausus
345 708 389 771 sit
411 707 554 790 aspicere
572 707 607 771 in
620 708 697 792 acie,
721 709 869 792 quodque
888 731 952 774 uno
971 711 1094 794 proelio
1107 727 1130 776 4

91 819 157 862 non
180 797 286 862 solum
299 794 427 860 Thebas
451 796 492 859 ab
515 795 651 860 interitu
670 797 816 880 retraxit,
840 798 1013 862 sedetiam
1027 799 1095 863 nni-

91 906 219 951 versam
242 884 412 949 Graeciam
438 884 474 947 in
501 883 689 949 libertatem
711 884 887 950 vindicarit
914 908 1015 970 eoque
1043 909 1094 954 res

92 978 302 1057 utrorumque
329 972 493 1057 perduxit,
522 976 560 1036 ut
582 972 729 1037 Thebani
753 971 905 1057 Spartam
932 996 1095 1060 oppugna-

92 1067 176 1147 rent,
202 1061 449 1126 Laoedaemonii
472 1061 552 1125 satis
575 1060 746 1146 haberent,
776 1063 804 1126 si
827 1062 908 1127 salvi
931 1085 1001 1127 esse
1023 1085 1095 1148 pos·

89 1155 173 1237 sent,
195 1172 299 1234 neque
322 1149 413 1233 prius
431 1149 552 1213 bellare
570 1149 707 1234 destitit,
730 1172 828 1234 quam
841 1150 989 1216 Messene
1002 1152 1095 1216 resti·
1113 1167 1130 1218 5

91 1243 164 1304 tuta
177 1239 292 1304 urbem
306 1259 418 1301 eorum
432 1237 600 1302 obsidione
615 1237 752 1303 clausit?
775 1239 854 1305 haec
865 1261 938 1305 cum
951 1239 1096 1325 dixisset,

92 1327 176 1392 risus
200 1326 346 1390 omnium
368 1347 442 1389 cum
463 1325 629 1390 hilaritate
653 1331 784 1392 coortus
805 1331 864 1413 est,
887 1351 991 1413 neque
1010 1329 1096 1412 quis·

91 1437 190 1498 quam
213 1413 308 1478 iudex
331 1435 427 1478 ausus
451 1418 502 1478 est
525 1414 563 1478 de
587 1435 625 1480 eo
652 1414 736 1479 ferre
764 1416 961 1503 suffragium.
1007 1416 1096 1482 sica

33 1583 35 1588 Ι
92 1502 211 1569 iudicio
235 1501 351 1585 capitis
374 1502 515 1566 maxima
537 1502 687 1568 discemit
709 1504 822 1590 gloria

183 1588 247 1655 Hic
271 1593 415 1655 extremo
435 1597 580 1673 ternpore
599 1590 777 1673 imperator
794 1592 879 1675 apud
892 1592 1094 1656 Mantineam
1113 1593 1133 1658 9

91 1700 166 1744 cum
189 1680 257 1744 acie
280 1679 441 1743 instructa
463 1677 614 1742 audacius
636 1677 775 1742 instaret
797 1679 922 1764 hostes,
945 1681 1094 1765 cognitus

93 1790 113 1831 a
134 1766 407 1850 Lacedaemoniis,
431 1765 517 1848 quod
540 1765 574 1828 in
596 1765 691 1829 unius
714 1767 855 1850 pernicie
879 1768 947 1831 eius
970 1768 1095 1850 patriae

94 1856 192 1920 sitam
214 1855 376 1938 putabant
403 1853 555 1936 salutem,
577 1852 719 1919 universi
748 1854 783 1919 in
808 1876 910 1919 unum
936 1855 1094 1939 impetum

93 1942 239 2008 fecerunt
260 1963 364 2024 neque
386 1941 477 2024 prius
500 1942 734 2027 abseessenmt,
758 1963 855 2025 quam
869 1965 986 2030 magna
1000 1945 1095 2010 caede

92 2032 174 2097 edito
192 2030 367 2114 multisque
386 2029 501 2095 occisis
519 2029 697 2095 fortissime
715 2030 823 2114 ipsum
836 2030 1099 2115 Epaminondam·

92 2124 306 2206 pugnantem,
329 2140 425 2203 sparo
448 2118 572 2183 eminus
595 2140 798 2203 percussum,
822 2121 987 2186 concidere
1010 2121 1095 2186 vide-

92 2213 177 2273 runt.
221 2207 318 2273 huius
346 2228 422 2272 casu
455 2207 657 2291 aliquantum
683 2209 840 2273 retardati
870 2213 947 2274 sunt
968 2208 1129 2293 Boeotia

92 2319 195 2380 neque
231 2300 341 2361 tamen
376 2295 467 2379 prius
506 2317 616 2382 pugna
652 2300 875 2380 excesserunt,
916 2317 1013 2379 quam
1049 2319 1096 2360 re

93 2384 536 2537 iiiiiffiiapfidhfflh
559 2383 908 2554 sideratis,
925 2401 1129 2556 iiia&

94 2562 122 2626 si
145 2560 276 2644 ferrum,
300 2560 385 2642 quod
409 2581 447 2624 ex
469 2558 582 2623 hastili
604 2559 640 2623 in
663 2581 796 2644 corpore
814 2563 1023 2643 remanserat,
1046 2582 1096 2624 ex-

94 2649 256 2732 traxisset,
279 2647 420 2710 animam
433 2648 546 2711 statim
560 2647 762 2732 emissurum,
783 2668 885 2730 usque
900 2669 937 2712 eo
951 2648 1096 2733 retinuit,

95 2737 200 2820 quoad
222 2735 444 2800 renuntiatum
467 2739 517 2799 est
539 2735 655 2800 vicisse
677 2735 829 2800 Boeotos.
867 2735 900 2798 id
922 2742 1096 2821 postquam
1114 2755 1130 2799 4

95 2824 226 2908 audivit,
244 2821 348 2887 ‘ratis'
363 2823 470 2905 inquit
484 2822 575 2886 uixi:
598 2823 737 2887 invictus
752 2823 838 2887 enim
853 2824 995 2889 morior?
1025 2828 1096 2889 tum

95 2914 181 2977 ferro
205 2915 351 2977 extracto
375 2909 545 2975 confestim
569 2911 771 2975 exanimatus
795 2915 853 2976 est.

181 2999 244 3065 Hie
275 3020 409 3064 uxorem
440 3020 616 3081 numquam
647 2999 746 3063 duxit.
792 3001 826 3062 in
853 3021 917 3083 quo
946 3022 1019 3064 cum
1049 3021 1094 3063 re·
1108 3000 1148 3064 10

93 3089 344 3173 prehenderetur
358 3110 377 3152 a
390 3086 554 3170 Pelopida,
576 3087 631 3170 qui
651 3087 755 3151 filium
772 3088 915 3152 habebat
933 3087 1096 3170 infamem,

95 3177 241 3261 maleque
269 3198 343 3242 eum
369 3176 404 3240 in
430 3196 468 3239 eo
496 3176 621 3258 patriae
649 3176 815 3240 consulere
844 3176 978 3260 diceret,
1011 3175 1096 3259 quod

94 3266 214 3330 liberos
237 3286 303 3330 non
324 3265 530 3348 relinqueret,
553 3262 647 3327 ‘ride'
670 3264 777 3347 inquit
791 3263 842 3328 ‘ne
860 3268 898 3328 tu
918 3264 1009 3348 peius
1024 3285 1096 3328 oon·

95 3354 196 3438 sulas,
227 3355 281 3437 qui
309 3354 409 3417 talem
436 3374 476 3417 ex
502 3356 535 3416 te
562 3356 675 3416 natum
698 3352 870 3417 relicturus
895 3352 948 3417 sis.
992 3368 1131 3436 nequer
1190 3345 1195 3356 ’

94 3464 170 3507 vero
193 3442 293 3525 stirps
315 3445 426 3526 potest
448 3439 529 3504 mihi
552 3440 675 3505 deesse:
697 3462 836 3525 namque
860 3463 898 3505 ex
917 3462 969 3504 me
985 3443 1106 3503 natam

94 3530 240 3613 relinquo
266 3551 408 3616 pugnarn
437 3528 660 3619 Leuctricam,
691 3551 778 3616 uuae
806 3550 885 3592 non
907 3525 1015 3587 maun
1038 3519 1138 3578 mid-¹-
