2460 3848
150 190 193 254 92
440 186 539 244 XXIII.
558 185 756 242 HANNIBAL.
785 192 834 240 5-
838 192 862 240 7,

150 332 291 398 sustulit
314 330 358 396 M.
373 329 544 398 Claudium
557 330 748 396 Marcellum
748 331 964 414 ,quinquiens
979 335 1155 419 consulem,

114 421 235 505 capud
265 418 443 485 Venusiam
474 420 545 505 pari
576 420 672 484 modo
709 381 881 484 inierfecit.
935 420 1071 506 longum
1102 385 1156 487 esi

150 508 259 575 omnia
281 529 467 574 enumerare
474 507 622 609 proelia.
656 527 756 591 quare
777 506 840 572 hoc
863 529 964 572 unum
987 510 1068 574 satis
1091 512 1157 576 erit

150 597 287 681 dictum,
313 618 353 661 ex
380 618 443 679 quo
471 595 506 660 in
506 595 619 681 tellegi
645 595 765 680 possit,
794 599 897 678 quant
897 618 936 661 us
882 597 1015 661 tilla
1042 597 1156 663 fuerit:

150 685 304 770 quamdiu
326 685 361 748 in
383 683 481 749 Italia
503 683 575 767 fuit,
597 704 692 748 nemo
715 683 746 747 ei
763 683 799 748 in
816 683 884 748 acie
903 685 1037 770 restitit,
1058 706 1156 752 nemo

150 774 303 838 adversus
339 793 413 837 eum
448 776 525 857 post
557 770 760 837 Cannensem
794 792 938 857 pugnam
973 773 1009 837 in
1040 795 1157 859 campo

150 864 258 927 castra
279 861 398 944 posuit.

115 949 135 1014 6
237 947 324 1013 Hinc
342 949 443 1014 invict
428 952 482 1013 tus
500 951 558 1032 pat
543 947 641 1012 triam
660 946 826 1012 defensum
844 952 1015 1014 revocatus
1034 950 1157 1015 bellum

151 1037 255 1123 gessit
282 1037 434 1102 adversus
461 1033 498 1100 P
522 1033 720 1120 Scipionem,
756 1035 861 1099 filium
894 1035 962 1102 eius
995 1035 1158 1122 Scipionis

152 1147 248 1208 quem
261 1125 330 1208 ipse
343 1124 449 1208 primo
464 1124 550 1208 apud
563 1123 766 1207 Rhodanum,
784 1123 904 1189 iterum
923 1125 1008 1208 apud
1021 1125 1158 1212 Padum,

116 1213 251 1282 stertio
275 1213 360 1296 apud
378 1212 529 1276 Trebiam
550 1211 691 1312 fugarat.
728 1233 802 1276 cum
823 1212 887 1277 hoc
905 1213 1099 1278 exhaustis
1089 1237 1158 1280 1am

152 1301 277 1385 patriae
308 1300 410 1365 facuit
411 1300 519 1365 atibus
548 1300 671 1400 cupivit
702 1300 1005 1384 impraesentiarum
1033 1303 1159 1368 bellum

153 1410 353 1473 componere,
377 1409 440 1471 quo
463 1388 582 1453 valent'
558 1391 624 1453 tror
646 1391 722 1472 post
723 1409 761 1452 ea
784 1389 1042 1474 congrederetur.
1082 1391 1159 1456 inde

118 1497 134 1546 3
154 1477 353 1560 colloquium
367 1477 526 1559 convenit,
540 1476 744 1541 condiciones
756 1498 823 1540 non
832 1482 1058 1542 convenerunt
1082 1483 1160 1562 post

153 1565 186 1629 id
208 1564 333 1629 factum
350 1565 462 1648 paucis
481 1565 594 1629 diebus
613 1565 699 1648 apud
712 1563 845 1629 Zamam
863 1586 937 1630 cum
956 1566 1069 1631 eodem
1086 1588 1160 1632 con-

118 1695 120 1700 »
153 1653 251 1737 flixit3
273 1653 387 1737 pulsus
406 1650 609 1739 (incredibile
627 1650 730 1738 dictu)
749 1653 848 1717 biduo
863 1657 897 1718 et
915 1653 1040 1718 duabus
1057 1656 1160 1721 nocti-

154 1743 215 1806 bus
237 1740 475 1806 Hadrumetum
497 1740 658 1825 pervenit,
688 1740 776 1825 quod
798 1742 892 1806 abest
915 1743 956 1807 ab
980 1741 1078 1807 Zama
1101 1744 1161 1808 cir-

119 1831 236 1897 sciter
259 1830 350 1894 milia
371 1850 528 1915 passuum
551 1833 705 1894 trecenta.
741 1829 777 1893 in
800 1828 862 1894 hac
889 1828 969 1916 fuga
990 1829 1161 1916 Numidae,

156 1918 211 2001 qui
234 1918 330 1982 simul
354 1939 428 1983 cum
450 1939 488 1982 eo
512 1939 552 1982 ex
573 1918 641 1982 acie
664 1920 881 2002 excesserant,
910 1918 1057 1983 insidiati
1084 1923 1161 1984 sunt

155 2092 515 2177 Η
539 2004 665 2178 τμη
688 2005 1161 2177 :taurustaurus

825 2143 835 2176 7

155 2181 267 2265 paucis
290 2181 402 2245 diebus
426 2181 547 2245 multos
567 2181 738 2246 contraxit.

122 2272 141 2335 7
244 2267 326 2334 Oum
344 2268 379 2332 in
397 2269 582 2352 apparando
602 2268 755 2334 acerrime
774 2271 862 2333 esset
877 2273 1062 2354 occupatus,
1080 2269 1163 2336 Kar·

157 2357 379 2443 thaginienses
404 2357 526 2421 bellum
550 2378 624 2422 cum
636 2354 794 2420 Romanis
813 2362 1074 2459 composuerimt.
1050 2359 1163 2425 tille

156 2445 260 2510 nihilo
284 2445 386 2510 setius
404 2445 560 2510 exercitui
577 2448 693 2530 postea
710 2443 852 2528 praefuit
867 2467 983 2529 resque
1000 2447 1036 2511 in
1049 2445 1164 2512 Africa

157 2534 260 2619 gessit
289 2534 444 2617 [itemque
467 2532 565 2618 Mago
592 2532 694 2597 frater
721 2532 803 2614 eius]
834 2554 937 2635 usque
965 2534 1006 2598 ad
1032 2533 1068 2598 P.
1092 2532 1165 2599 Sul·

123 2640 139 2686 a
157 2642 278 2706 1c1um
297 2619 332 2687 O
345 2620 515 2686 Aurelium
538 2621 695 2686 consules.
729 2620 781 2684 his
804 2623 891 2686 enim
913 2622 1164 2709 magistratibus

158 2710 259 2795 legati
282 2708 571 2794 Karthaginienses
593 2707 734 2774 Romam
756 2714 927 2795 venerunt,
957 2710 1013 2793 qui
1036 2713 1165 2775 senatui

158 2797 343 2883 populoque
374 2797 522 2862 Romano
554 2797 678 2883 gratias
711 2802 863 2882 agerent,
897 2799 984 2883 quod
1016 2820 1090 2863 cum
1121 2799 1164 2864 iis

158 2907 272 2970 pacem
302 2885 469 2970 fecissent,
503 2885 545 2950 ob
573 2907 708 2969 eamque
735 2906 805 2950 rem
832 2907 951 2952 corona
982 2907 1080 2952 aurea
1107 2909 1165 2952 eos

159 2975 318 3038 donarent
345 2973 504 3056 simulque
533 2976 696 3058 peterent,
727 2978 765 3038 ut
793 2975 922 3040 obsides
949 2996 1061 3039 eorum
1088 2973 1165 3040 Fre·

125 3063 255 3149 egellis
283 3065 392 3127 essent
419 3061 602 3145 captivique
632 3062 850 3127 redderentur.
894 3062 947 3127 his
970 3084 1010 3126 ex
1032 3067 1165 3128 senatus

159 3150 308 3216 consulto
341 3171 532 3234 responsum
562 3153 626 3214 est:
659 3171 776 3215 munus
808 3172 921 3216 eorum
952 3154 1083 3236 gratum
1116 3173 1167 3216 ac·

160 3243 352 3323 ceptumque
376 3258 461 3323 esse3
484 3236 626 3323 obsides,
650 3260 713 3321 quo
738 3239 809 3303 loco
833 3243 1000 3325 rogarent,
1022 3238 1167 3323 futuros}

160 3326 306 3410 captivos
320 3347 387 3391 ηοη
400 3326 604 3409 remissuros,
622 3326 709 3409 quod
722 3325 949 3411 Hannibalem,
963 3327 1053 3392 cuius
1068 3348 1168 3413 opera

160 3418 347 3498 susceptum
360 3414 483 3479 bellum
496 3413 592 3498 foret,
605 3413 866 3480 inimicissimum
874 3415 1000 3480 nomini
1008 3413 1169 3499 Romano,

154 3503 336 3565 etiamnum
356 3523 429 3567 cum
448 3502 586 3586 imperio
605 3502 690 3586 apud
709 3505 886 3569 exercitum
902 3503 1062 3568 haberent
1074 3503 1169 3568 item·
