2460 3848
402 192 487 248 XXV.
505 191 668 248 Annuus
697 197 810 247 14-1e.
1048 193 1111 258 109

196 337 302 404 Nemo
316 337 352 401 in
366 336 513 401 convivio
527 336 596 402 eius
611 337 699 401 aliud
712 358 863 402 acroama
877 338 1000 402 audivit
1014 360 1112 422 quam
1123 337 1165 403 14

109 429 319 512 anagnosten,
342 425 429 508 quod
450 446 510 489 nos
535 424 664 508 quidem
686 425 954 490 iucundissimum
976 426 1112 491 arbitra

109 536 195 598 mur;
220 534 325 597 neque
352 533 508 596 umquam
535 513 604 578 sins
631 513 741 596 aliqua
766 513 905 579 lectione
932 515 1017 597 apud
1039 536 1113 578 eum

111 605 261 668 cenatum
289 604 352 684 est,
377 604 503 665 utnon
525 601 632 665 minus
656 601 763 665 animo
787 623 885 685 quam
907 606 1018 667 ventre
1042 623 1114 666 con-

110 691 202 756 vivae
240 689 494 754 delectarentur:
529 709 669 772 namque
702 710 756 754 eos
788 689 944 774 vocabat,
976 705 1147 774 quorums

111 800 260 845 maresa
288 776 355 842 suis
381 798 448 841 non
474 776 694 842 abhorrerent
739 799 813 842 cum
839 781 934 842 tanta
959 778 1114 862 pecuniae

110 867 199 933 facta
221 869 308 930 esset
328 864 479 949 accessio,
501 864 584 930 nihil
602 865 640 929 de
659 866 837 931 cottidiano
857 867 947 932 cultu
966 866 1115 949 mutavit,

110 954 193 1020 nihil
216 955 254 1018 de
277 953 364 1018 vitae
387 952 630 1037 consuetudine,
657 956 813 1037 tantaque
835 975 913 1018 usus
937 959 987 1019 est
1009 954 1115 1020 mode·

112 1043 254 1127 ratione,
282 1045 321 1106 ut
342 1062 446 1125 neque
468 1041 503 1105 in
530 1041 682 1106 sestertio
709 1041 844 1126 viciens,
872 1043 958 1126 quod
981 1064 1001 1107 a
1022 1046 1115 1126 patre

112 1134 292 1216 acceperat,
318 1151 434 1213 parum
461 1150 495 1194 se
523 1130 688 1213 splendide
715 1131 855 1214 gesserit
882 1152 986 1215 neque
1012 1130 1047 1195 in
1070 1151 1116 1194 se

113 1221 229 1286 stertio
258 1218 401 1283 centiens
430 1217 601 1282 afluentius
628 1217 758 1303 visent,
790 1241 888 1303 quam
919 1219 1116 1302 instituerat,

112 1309 246 1392 parique
273 1305 408 1390 fastigio
436 1305 566 1370 steterit
592 1306 627 1370 in
653 1309 803 1389 utraque.
822 1307 963 1372 fortuna.
1008 1307 1151 1372 nullos3

112 1396 230 1460 habuit
260 1394 391 1477 hortos,
421 1394 546 1458 nullam
578 1393 798 1459 suburbanam
830 1398 887 1460 aut
918 1396 1117 1460 maritimam

114 1486 339 1567 sumptuosam
365 1481 490 1566 villam,
516 1502 620 1565 neque
648 1482 683 1546 in
705 1481 816 1566 Italia,
842 1487 972 1567 praeter
994 1483 1117 1548 Arreti-

113 1593 192 1635 num
214 1574 249 1636 et
270 1568 527 1653 Nomentanum,
553 1568 712 1634 rusticum
739 1571 921 1655 praedium,
949 1572 1117 1655 omnisque

115 1660 183 1724 eius
210 1657 364 1742 pecuniae
392 1657 515 1722 reditus
543 1658 716 1721 constabat
741 1657 776 1722 in
802 1657 980 1742 Epiroticis
1008 1663 1040 1723 et
1067 1681 1119 1722 ur·

114 1747 208 1811 banis
235 1744 503 1829 possessionibus.
549 1766 588 1808 ex
615 1767 678 1827 quo
706 1746 859 1831 cognosci
885 1749 997 1829 potest
1023 1767 1118 1811 usum

115 1857 189 1900 eum
220 1832 374 1918 pecuniae
404 1853 471 1897 non
502 1833 738 1917 magnitudine,
769 1834 826 1898 sed
855 1835 981 1899 ratione
1010 1834 1119 1898 metiri

116 1923 258 1988 solitum.

203 2009 407 2074 Mendacium
438 2029 542 2092 neque
573 2009 701 2074 dicebat
735 2031 839 2093 neque
875 2011 945 2095 pati
980 2014 1119 2095 poterat.
1095 2007 1171 2075 t15

115 2099 227 2182 itaque
255 2097 324 2163 eius
352 2096 489 2162 comitas
517 2119 583 2164 non
610 2097 680 2163 sine
712 2099 883 2164 severitate
914 2103 985 2176 erat
1015 2121 1119 2183 neque

116 2187 261 2276 gravitas
293 2185 362 2250 sine
392 2185 565 2288 facilitate,
596 2190 634 2251 ut
665 2185 796 2252 difficile
824 2188 952 2252 esset
942 2209 977 2251 m
977 2188 1119 2271 tellectu,

116 2279 226 2341 utrum
245 2296 319 2338 eum
337 2275 432 2340 amici
451 2274 556 2358 magis
574 2278 763 2339 vererentur
781 2296 823 2339 an
842 2280 998 2340 amarent
1031 2275 1120 2358 quid-

117 2363 195 2444 quid
216 2363 355 2446 rogabat
356 2385 404 2445 ur,
426 2362 578 2446 religiose
600 2363 824 2446 promittebat,
848 2363 933 2446 quod
955 2384 1021 2426 non
1043 2363 1120 2427 libe

117 2449 216 2533 rales,
245 2449 301 2512 sed
323 2449 409 2513 leves
433 2450 655 2513 arbitrabatur
676 2448 823 2532 polliceri
846 2451 933 2531 quod
954 2455 1119 2532 praestare

117 2558 184 2602 non
204 2538 347 2619 possent
383 2537 469 2599 idem
486 2537 521 2599 in
543 2537 691 2620 tenendo,
713 2536 799 2620 quod
822 2537 922 2601 semel
945 2538 1120 2623 annuisset,
1138 2552 1154 2601 2

118 2627 212 2689 tanta
234 2626 305 2688 erat
327 2644 413 2706 cura,
434 2626 473 2686 ut
494 2645 560 2688 non
582 2587 778 2776 manditam,
801 2624 857 2688 sed
880 2647 972 2690 suam
990 2647 1059 2690 rem
1076 2627 1121 2691 vi·

119 2713 249 2777 deretur
277 2731 380 2796 agere.
424 2732 601 2811 numquam
629 2713 771 2795 suscepti
797 2713 923 2797 negotii
950 2734 1024 2778 eum
1051 2736 1120 2798 per·

119 2804 246 2864 taesum
269 2802 333 2863 est:
365 2820 458 2863 suam
487 2799 574 2863 enim
597 2799 902 2865 existimationem
892 2823 927 2865 m
949 2822 987 2866 ea
1009 2823 1044 2866 re
1067 2802 1122 2887 agi

118 2889 266 2990 putabat,
289 2907 353 2969 qua
374 2886 457 2951 nihil
478 2886 622 2952 habebat
644 2889 759 2953 carius.
795 2909 858 2971 quo
882 2889 983 2953 fiebat
1000 2894 1038 2954 ut
1056 2911 1122 2954 om·
1140 2905 1156 2952 3

119 2977 174 3040 nia
197 2974 398 3059 Ciceronum,
419 2973 462 3038 M.
481 2973 624 3059 Catonis,
648 2975 684 3051 Q.
702 2975 880 3060 Hortensii,
901 2975 941 3042 Α.
955 2975 1122 3061 Torquati,

120 3065 298 3128 multorum
316 3067 482 3147 praeterea
501 3064 590 3146 equit
591 3086 647 3128 um
660 3063 881 3128 Romanorum
898 3049 1032 3149 negotia
1049 3087 1122 3149 pro

121 3154 257 3216 curaret.
289 3173 328 3215 ex
342 3173 405 3235 quo
424 3151 559 3216 iudicari
576 3156 687 3235 potest
700 3173 765 3216 non
783 3152 909 3236 inertia,
928 3153 984 3216 sed
1002 3152 1121 3217 iudicio

120 3239 243 3324 fugisse
266 3239 313 3304 rei
335 3239 484 3323 publicae
506 3241 777 3323 procurationem

208 3327 431 3392 Humanitatis
454 3348 530 3392 vero
553 3329 678 3393 nullum
694 3328 814 3393 afferre
842 3329 946 3393 maius
976 3329 1122 3394 testimo-
1133 3329 1174 3393 16

119 3415 211 3480 nium
232 3437 375 3500 possum,
397 3438 496 3498 quam
514 3417 599 3498 quod
618 3417 804 3482 adulescens
822 3417 908 3480 idem
927 3417 996 3481 seni
1014 3415 1122 3482 Sullae

121 3503 184 3568 fuit
206 3504 470 3590 iucundissimus,
499 3525 596 3569 senex
619 3504 823 3570 adulescenti
839 3503 892 3568 u.
905 3504 1044 3580 Erum,
1062 3521 1149 3560 sum
