2460 3848
132 188 173 254 86
416 188 488 243 XXI.
507 187 556 240 nn
574 181 740 238 REGIBUS.
769 189 830 238 Μ
965 175 968 180 ’

94 331 115 396 2
215 332 267 398 Ex
297 331 510 397 Macedonum
541 332 651 394 autem
688 330 782 413 gente
816 325 879 391 duo
912 327 1014 392 multo
1047 328 1127 390 cete-

130 442 183 485 ros
206 423 448 485 antecesserunt
469 440 579 483 rerum
606 420 770 502 gestarum
798 414 917 498 gloria:
949 413 1127 498 Philippus,

129 507 291 591 Amyntae
318 508 419 591 filius,
447 511 481 571 et
508 505 689 572 Alexander
709 500 856 586 Magnus.
901 502 1019 566 horum
1046 500 1128 565 alter

128 596 295 679 Babylone
318 596 433 660 morbo
457 597 665 678 consumptus
688 593 749 672 est,
779 588 949 673 Philippus
972 589 1086 674 Aegiis
1110 610 1129 652 a

130 683 303 768 Pausania,
331 705 405 748 cum
428 687 608 768 spectatum
629 678 720 743 ludos
742 677 819 761 iret,
847 677 940 742 iuxta
962 678 1127 741 theatrum

94 788 112 836 2
131 772 255 837 occisus
280 776 340 837 est.
372 793 455 836 unus
474 771 632 856 Epirotes,
654 763 808 849 Pyrrhus,
831 766 888 848 qui
911 787 984 830 cum
1005 765 1127 850 populo

130 859 278 925 Romano
301 860 444 926 bellavit
478 859 507 924 is
530 877 601 922 oum
617 851 724 938 Argos
748 853 902 937 oppidum
925 857 1128 938 oppugnaret

129 948 165 1011 in
186 946 425 1033 Peloponneso,
451 944 555 1028 lapide
580 942 664 1006 ictus
691 940 825 1006 interiit.
869 963 953 1006 unus
976 941 1056 1006 item
1080 939 1128 1006 Si-

130 1036 237 1121 culus,
264 1035 439 1121 Dionysius
460 1031 556 1116 prior.
599 1050 676 1091 nam
699 1032 732 1093 et
755 1029 970 1095 manufortis
994 1033 1027 1093 et
1048 1029 1126 1093 belli

130 1124 256 1207 peritus
279 1124 342 1190 fuit
363 1127 405 1205 et,
425 1120 458 1183 id
479 1116 564 1200 quod
586 1115 621 1179 in
643 1120 783 1200 tyranno
805 1139 872 1183 non
893 1117 988 1183 facile
1011 1117 1127 1200 reperi·

130 1215 199 1295 tur,
227 1211 357 1276 minime
378 1205 580 1288 libidinosus,
606 1225 672 1269 non
694 1205 892 1290 luxuriosus,
914 1227 980 1270 non
1003 1226 1127 1289 avarus,

130 1300 252 1364 nullius
278 1297 412 1379 denique
437 1291 484 1355 rei
511 1291 646 1375 cupidus
672 1294 737 1356 nisi
765 1293 938 1379 singularis
967 1292 1127 1377 perpetui-

132 1409 193 1472 que
219 1383 346 1467 impcrii
372 1382 413 1446 ob
440 1399 575 1462 eamque
602 1402 670 1444 rem
698 1381 861 1446 erudelis:·
881 1404 957 1446 nam
988 1382 1065 1446 dum
1094 1381 1127 1445 id

133 1472 257 1538 studuit
277 1469 414 1551 munire,
434 1466 556 1531 nullius
578 1469 724 1553 pepercit
746 1469 848 1554 vitae,
872 1492 968 1553 quem
990 1470 1058 1535 eius
1081 1469 1128 1534 in-

96 1561 316 1626 ssidiatorem
337 1557 475 1640 putaret.
519 1555 574 1620 hic
597 1578 670 1621 cum
692 1557 813 1622 virtute
837 1558 1041 1641 tyrannidem
1064 1557 1126 1623 sibi

130 1648 314 1734 peperisset,
332 1663 448 1727 magna
463 1643 600 1709 retinuit
613 1645 784 1711 felicitate:
807 1645 911 1711 maior
925 1647 1011 1710 enim
1027 1667 1126 1710 annos

131 1737 296 1837 sexaginta
311 1734 407 1795 natus
426 1731 565 1797 decessit
587 1733 723 1798 florente
741 1754 850 1819 regno.
884 1756 987 1818 neque
1006 1735 1127 1797 intem

130 1825 242 1891 multu
259 1818 349 1886 annis
368 1819 559 1903 cuiusquam
577 1843 616 1885 ex
635 1843 693 1886 sua
712 1822 812 1906 stirpe
830 1821 927 1908 funus
941 1823 1032 1907 vidit,
1055 1844 1128 1887 cum

130 1934 170 1977 ex
191 1910 293 1976 tn'bus
310 1907 465 1972 uxoribus
483 1909 604 1974 liberos
622 1913 824 1993 procreasset
838 1911 997 1994 multique
1012 1911 1042 1974 ei
1057 1910 1128 1974 nati

130 2001 238 2065 essent
258 1998 401 2078 nepotes.

95 2086 116 2152 3
214 2082 359 2148 Fuerunt
389 2088 558 2168 praeterea
584 2086 696 2170 magni
726 2106 819 2170 reges
848 2108 887 2149 ex
915 2087 1027 2150 amicis
1054 2085 1128 2149 Ale-

129 2171 241 2239 xandri
258 2169 381 2256 Magni,
403 2173 459 2255 qui
480 2176 556 2255 post
579 2173 706 2236 obitum
724 2173 792 2237 eius
811 2174 947 2256 imperia
966 2178 1128 2257 oeperunt,

128 2262 164 2326 in
175 2260 223 2326 eis
234 2256 421 2344 Antigonus
435 2264 469 2323 et
481 2259 577 2324 huius
591 2260 678 2324 filius
692 2259 887 2344 Demetrius,
905 2260 1129 2345 Lysimachus

94 2347 294 2431 stelenum,
321 2347 537 2413 Ptolemaeus.
581 2369 620 2412 ex
646 2348 697 2412 his
720 2346 905 2433 Antigonus
933 2349 968 2412 in
995 2349 1129 2433 proelio,
1200 2429 1205 2437 f

129 2457 202 2502 eum
223 2435 376 2502 adversus
397 2435 566 2501 Seleucum
584 2441 617 2500 et
635 2436 864 2520 Lysimachum
883 2437 1059 2522 dimicaret,
1079 2460 1130 2502 oc·

128 2523 214 2591 risus
228 2528 288 2589 est.
318 2525 390 2610 pari
403 2526 470 2589 leto
485 2524 618 2589 affectus
633 2529 684 2588 est
699 2522 911 2608 Lysimachus
925 2526 966 2590 ab
982 2524 1129 2591 Seleuco:

127 2632 267 2694 namque
290 2614 445 2678 societate
467 2613 626 2677 dissoluta
647 2613 769 2678 bellum
791 2613 877 2678 inter
895 2634 929 2678 se
950 2618 1130 2699 gesserunt.

95 2702 165 2769 osc
192 2698 395 2786 Demetrius,
427 2723 500 2765 cum
530 2701 632 2764 filiam
665 2722 757 2765 suam
790 2699 932 2766 Seleuco·
954 2701 989 2765 in
1020 2702 1130 2766 matri-

129 2788 274 2853 monium
297 2789 438 2854 dedisset
458 2810 562 2872 neque
586 2811 623 2854 eo
646 2790 750 2874 magis
773 2789 838 2853 fida
867 2790 1029 2855 intereos
1053 2791 1131 2854 ami<

130 2875 208 2940 citis
231 2899 360 2941 manere
381 2877 552 2962 potuisset,
575 2881 688 2962 captus
712 2877 797 2941 bello
820 2877 855 2941 in
874 2878 1021 2942 custodia
1040 2900 1131 2943 socer

60 3008 62 3013 -
96 2966 242 3049 &generi
272 2965 370 3049 periit
402 2987 421 3028 a
447 2966 571 3029 morbo.
619 2987 722 3049 neque
754 2965 801 3029 ita
834 2965 937 3031 multo
969 2972 1046 3049 post
1078 2964 1132 3031 Se-

60 3068 62 3071 ·
130 3051 241 3118 leucus
256 3053 473 3118 aPtolemaeo
489 3052 634 3118 Cerauno
654 3054 728 3118 dolo
747 3053 937 3118 interfectus
957 3058 1016 3138 est,
1036 3076 1132 3138 quem

130 3139 186 3207 ille
218 3164 238 3207 a
268 3146 361 3226 patre
393 3141 562 3224 expulsum
588 3141 792 3206 Alexandrea
823 3141 1002 3207 alienarum
1034 3165 1133 3227 opum

131 3228 331 3317 indigentem
357 3234 531 3313 receperat.
576 3229 646 3313 ipse
674 3233 784 3294 autem
810 3229 1030 3314 Ptolemaeus
1060 3252 1134 3295 cum

131 3318 223 3384 rivus
245 3318 314 3382 filio
337 3338 473 3402 regnum
496 3318 692 3403 tradidisset,
714 3319 754 3382 ab
778 3317 835 3382 illo
854 3318 966 3382 eodem
984 3319 1052 3383 vita
1070 3320 1134 3403 pri-

133 3411 227 3471 vatus
251 3406 378 3470 dieitur.

82 3504 107 3550 -’
209 3493 265 3555 De
288 3493 410 3575 quibus
433 3493 587 3578 quoniam
616 3494 696 3558 satis
724 3493 847 3558 dietum
874 3498 1040 3583 putamus,
1068 3517 1135 3559 non
