2460 3848
418 219 439 272 Ι.
463 217 665 272 humanas,
696 225 770 273 1-3.
1076 217 1096 279 3

94 364 183 425 tenet
197 359 336 425 Athenis
354 363 642 446 proficiscentibus.
670 362 834 427 Miltiades
853 363 1000 427 morandi
1017 366 1097 426 tem·
1116 378 1131 425 o

93 471 153 534 pus
180 470 247 513 non
273 449 396 514 habens
424 473 554 515 cursum
582 452 712 535 direxit,
740 473 817 534 qno·
831 450 996 535 tendebat,
1027 473 1097 535 per-

93 537 244 619 venitque
267 536 512 603 Chersonesum.

180 624 231 688 Ibi
245 627 335 691 brevi
350 631 495 711 tempore
510 627 722 691 barbarorum
737 627 839 710 copiis
854 627 1006 710 disiectis,
1025 631 1096 691 tota
1114 626 1135 690 2

93 713 238 798 regione,
262 737 358 797 quam
380 716 534 800 petierat,
557 715 696 799 potitus,
723 715 794 780 loca
818 716 959 780 castellis
982 715 1097 780 idonea

94 803 294 886 communiit,
308 804 559 886 multitudinem,
574 826 670 886 quam
685 825 793 868 secum
808 805 950 886 duxerat,
964 804 1095 888 intigris

94 890 264 956 collocavit
283 892 468 975 crebrisque
483 892 724 956 excursionibus
743 892 962 975 locupletavit.
991 914 1094 975 neque
1114 905 1130 953 a

93 979 200 1043 minus
223 979 257 1043 in
280 1002 318 1067 aa
340 1002 375 1044 re
398 981 569 1064 prudentia
593 1002 690 1063 qnam
712 980 869 1044 felicitate
889 980 1017 1044 adiutus
1037 984 1095 1045 est.

92 1088 169 1131 nam
188 1089 261 1132 oum
275 1068 395 1132 virtute
415 1069 557 1133 militum
576 1069 745 1132 devicisset
763 1069 908 1133 hostium
927 1068 1095 1150 exercitus,

94 1176 220 1219 summa
252 1156 416 1238 aequitate
448 1177 499 1220 res
533 1157 704 1222 constituit
736 1161 833 1239 atque
869 1157 939 1240 ipse
975 1156 1094 1220 ibidem

93 1265 222 1308 manere
245 1245 394 1308 decrevit.
427 1245 604 1309 eratenim
627 1244 712 1309 inter
736 1265 790 1310 eos
814 1245 974 1330 dignitate
996 1245 1129 1329 regiae

94 1353 290 1414 quamquam
317 1332 448 1396 carebat
474 1334 617 1416 nomine,
643 1354 747 1416 neque
774 1333 807 1397 id
830 1333 935 1417 magis
958 1333 1094 1416 imperio

94 1441 191 1502 quam
218 1421 346 1485 iustitia
373 1426 572 1486 consecutus.
608 1442 710 1504 neque
734 1443 771 1486 eo
795 1421 897 1486 setius
920 1420 1095 1486 Athenien-

94 1507 192 1591 sibus,
215 1530 235 1572 a
254 1509 369 1590 quibus
388 1513 458 1573 erat
476 1509 650 1593 profectus,
673 1509 781 1573 officia
799 1509 994 1593 praestabat.
1027 1509 1095 1592 qui·

92 1595 153 1660 bus
174 1596 269 1661 rebus
288 1597 388 1661 fiebat
405 1602 444 1660 ut
461 1619 527 1661 non
545 1598 651 1661 minus
671 1619 782 1661 eorum
800 1598 967 1662 voluntate
985 1619 1096 1680 perpe-

93 1688 186 1748 tuum
205 1685 377 1768 imperium
392 1685 564 1767 obtineret,
583 1686 637 1767 qui
657 1685 821 1768 miserant,
840 1706 937 1766 quam
954 1684 1095 1768 illorum,

93 1794 166 1837 cum
186 1773 302 1856 quibus
322 1776 392 1836 erat
409 1771 583 1855 profectus.
616 1771 816 1837 Chersoneso
835 1773 894 1836 tali
913 1773 1008 1836 modo
1023 1783 1130 1837 con-4

94 1859 212 1925 stituta
238 1859 397 1924 Lemnum
428 1861 603 1924 revertitur
630 1864 662 1924 et
690 1882 728 1923 ex
757 1865 852 1943 pacto
884 1861 1031 1944 postulat
1057 1865 1094 1924 ut

94 1949 156 2013 sibi
183 1949 297 2012 urbem
323 1949 468 2012 tradant:
506 1948 568 2028 [illi
596 1949 682 2013 enim
709 1948 869 2031 dixerant,
897 1970 970 2013 oum
996 1953 1093 2014 vento
1149 2018 1150 2021 ,

93 2037 192 2101 borea
215 2037 310 2101 domo
333 2036 497 2120 profectus
521 2058 558 2100 eo
581 2037 793 2120 pervenisset,
820 2058 890 2100 sese
913 2037 1091 2118 dedituros]

93 2147 127 2190 sc
150 2126 231 2189 caim
254 2125 385 2190 domum
408 2123 600 2190 Chersonesi
627 2125 753 2189 habore.
799 2124 911 2209 Cares,
940 2125 995 2208 qui
1022 2131 1128 2190 tum5

92 2212 251 2277 Lemnum
273 2213 471 2295 incolebant,
496 2213 559 2277 etsi
581 2217 710 2296 praeter
733 2213 917 2296 opinionem
940 2235 991 2277 res
1015 2215 1094 2279 ceci·

93 2304 197 2386 derat,
225 2308 334 2366 tamen
360 2323 426 2366 non
452 2302 553 2386 dicto,
581 2302 637 2365 sed
665 2302 803 2366 secunda
828 2301 959 2365 fortuna
986 2303 1094 2366 adver·

94 2391 252 2455 sariorum
280 2390 367 2473 capti
389 2389 539 2454 resistere
568 2389 638 2453 ausi
663 2411 729 2453 non
756 2393 832 2453 sunt
860 2393 957 2470 atque
983 2411 1021 2452 ex
1048 2390 1093 2452 in·

93 2480 164 2543 sula
182 2477 411 2563 demigranmt.
443 2477 514 2561 pari
532 2477 688 2542 felicitate
712 2480 834 2542 ceteras
857 2477 988 2560 insulas,
1011 2498 1092 2559 quae

93 2565 248 2651 Cyclades
275 2565 497 2649 nominantur,
528 2566 588 2629 sub
611 2564 860 2630 Atheniensium
887 2564 1012 2650 redegit
1038 2587 1093 2649 po·

93 2658 254 2719 testatem.

180 2741 313 2804 Eisdem
335 2741 536 2823 temporibus
555 2740 728 2805 Persarum
746 2763 802 2804 rex
820 2739 939 2805 Darius
958 2763 997 2806 ex
1013 2741 1093 2807 Asia
1111 2737 1132 2802 3

93 2830 127 2893 in
149 2829 315 2913 Europam
343 2830 483 2894 exercitu
511 2829 647 2893 traiecto
673 2826 802 2911 Scythis
830 2829 952 2893 bellum
974 2829 1092 2894 inferre

93 2919 242 2984 decrevit.
282 2921 416 3001 pontem
438 2916 516 2981 fecit
538 2916 573 2980 in
596 2916 709 2980 Histro
733 2916 873 2999 flumine,
896 2939 960 3001 qua
983 2918 1092 3000 copias

92 3008 283 3071 traduceret.
329 3005 397 3069 eius
425 3005 548 3088 pontis,
575 3005 651 3068 dum
678 3005 747 3087 ipse
775 3006 915 3089 abesset,
943 3006 1092 3070 custodes

92 3095 225 3178 reliquit
253 3094 429 3177 principes,
461 3114 541 3175 qnos
572 3114 679 3157 secum
710 3115 748 3156 ex
777 3092 868 3157 Ionia
897 3097 930 3156 et
957 3093 1091 3157 Aeolide

92 3184 239 3266 duxerat,
269 3183 384 3265 quibus
409 3182 609 3265 singularum
632 3182 760 3245 urbium
783 3186 939 3264 perpetua
962 3181 1092 3244 dederat

91 3271 235 3353 imperia.
272 3272 318 3335 sic
342 3271 427 3334 enim
450 3269 602 3333 facillime
626 3270 754 3352 putavit
777 3291 811 3332 se
835 3268 958 3333 Graeca
981 3269 1126 3353 linguas

90 3359 274 3443 loquentes,
298 3359 353 3442 qui
376 3359 489 3422 Asiam
512 3358 705 3439 incolerent,
728 3358 787 3421 sub
811 3380 869 3421 sua
892 3361 1096 3421 retenturum

90 3452 267 3532 potestate,
300 3448 330 3511 si
357 3448 469 3511 amicis
499 3447 566 3510 suis
599 3446 721 3531 oppida
748 3447 880 3508 tuenda
904 3442 1129 3505 arabissam,

91 3536 208 3619 sabas
234 3557 269 3601 se
297 3556 453 3622 oppresso
481 3537 579 3604 nulla
610 3559 692 3623 spes
723 3533 851 3599 salutis
878 3518 1158 3668 immanem-
