2460 3848
137 213 181 278 30
426 211 487 268 VII.
505 209 727 268 ALCIBIADES.
756 218 797 268 10.
817 218 859 270 11.

87 358 128 422 10
225 356 297 422 Hoc
321 379 394 422 cum
416 357 586 421 moliretur
608 361 796 441 peteretque
820 379 840 422 a
861 357 1081 442 Pharnabazo,
1102 363 1142 423 ut

137 446 177 510 ad
200 467 309 531 regem
328 445 523 530 mitteretur,
546 445 657 510 eodem
675 449 821 530 tempore
839 443 959 512 Critias
978 446 1140 530 ceterique

136 535 267 617 tyranni
289 533 538 598 Atheniensium
565 536 671 598 certos
698 533 846 598 homines
874 533 915 598 ad
937 532 1140 618 Lysandrum

136 623 171 686 in
193 621 307 686 Asiam
330 621 499 706 miserant,
526 621 584 705 qui
606 642 680 686 eum
702 622 874 687 certiorem
895 621 1055 707 facerent,
1076 622 1141 687 nisi

136 709 340 775 Alcibiadem
363 709 558 794 sustulisset,
579 708 662 773 nihil
681 731 792 775 earum
810 732 917 775 rerum
935 709 1005 775 fore
1023 714 1141 794 ratum,

137 820 217 882 quas
250 799 320 882 ipse
346 797 486 863 Athenis
514 797 752 863 constituisset:
784 819 895 883 quare,
928 798 956 862 si
986 820 1060 863 suas
1088 820 1139 862 res

102 890 248 972 egestas
272 907 401 951 manera
424 887 536 969 vellet,
562 885 655 948 illum
677 891 933 970 persequeretur.
977 886 1029 951 his
1052 885 1139 951 Laco

137 975 234 1039 rebus
257 978 439 1040 commotus
462 973 581 1038 statuit
603 973 785 1039 accuratius
804 974 868 1039 sibi
887 975 1048 1062 agendum
1066 996 1140 1040 eum

136 1061 355 1127 Pharnabazo.
388 1062 464 1128 huie
483 1082 560 1146 ergo
580 1062 745 1126 renuntiat
764 1083 846 1146 quae
863 1063 934 1150 regi
952 1084 1026 1128 cum
1043 1061 1140 1128 Laee-

137 1151 313 1215 daemoniis
346 1148 584 1234 convenissent,
615 1148 680 1215 nisi
707 1149 910 1216 Alcibiadem
941 1151 1051 1216 vivum
1082 1153 1140 1215 aut

102 1243 302 1304 emortuum
329 1238 393 1304 sibi
419 1237 614 1302 tradidisset.
658 1259 725 1303 non
750 1239 829 1302 tulit
850 1239 913 1304 hoo
936 1243 1081 1322 satrapes
1105 1243 1139 1303 et

136 1326 258 1391 violare
291 1325 496 1391 clementiam
528 1347 626 1409 quam
657 1327 743 1412 regis
774 1348 851 1411 opes
881 1327 983 1392 minui
1014 1327 1138 1391 maluit.

137 1415 247 1497 itaque
270 1413 360 1478 misit
383 1411 608 1479 Susamithren
631 1417 665 1478 et
686 1413 852 1501 Bagaeum
874 1414 915 1480 ad
937 1414 1139 1481 Alcibiadem

136 1501 407 1585 interficiendum,
436 1525 510 1568 eum
536 1503 592 1567 ille
620 1507 707 1567 esset
728 1503 764 1568 in
784 1501 929 1589 Phrygia
950 1503 1076 1587 iterque
1099 1504 1140 1568 ad

100 1605 118 1654 4
136 1611 247 1676 regem
270 1594 480 1675 compararet.
516 1590 609 1656 missi
627 1591 711 1656 clam
732 1591 902 1676 vicinitati,
924 1591 960 1656 in
982 1612 1046 1674 qua
1068 1595 1140 1656 tum

136 1678 322 1745 Alcibiades
349 1683 433 1764 erat,
465 1679 544 1744 dant
569 1679 738 1764 negotium
763 1682 802 1743 ut
829 1700 902 1744 eum
933 1678 1139 1744 interficient.

135 1767 185 1831 illi
209 1789 283 1832 cum
304 1767 391 1833 ferro
415 1765 549 1854 aggredi
570 1788 637 1832 non
655 1767 818 1851 auderent,
839 1771 940 1832 noctu
957 1767 1048 1852 ligna
1066 1789 1140 1831 con·

136 1856 282 1920 tulerunt
304 1855 390 1920 eirea
412 1876 521 1921 oasam
544 1876 628 1939 eam,
657 1855 693 1920 in
719 1877 784 1938 qua
811 1855 1011 1939 quiescebat,
1039 1877 1139 1939 eaque

114 1943 376 2027 succenderunt,
399 1947 436 2008 ut
458 1943 605 2008 incendio
625 1943 828 2027 conficerent,
851 1965 946 2028 quem
969 1963 1067 2008 manu
1090 1964 1141 2009 su·

101 2045 117 2094 a
135 2032 242 2114 parari
256 2052 351 2114 posse
364 2030 563 2095 diffidebant.
598 2030 654 2095 ille
673 2035 782 2096 autem
799 2035 838 2096 ut
859 2032 969 2096 sonitu
991 2031 1140 2096 flammae

136 2121 187 2182 est
205 2118 374 2203 excitatns,
396 2119 460 2184 etsi
478 2119 604 2205 gladius
623 2119 653 2183 ei
672 2123 742 2183 erat
760 2119 946 2204 subductus,
968 2118 1139 2184 familiaris

137 2207 188 2271 sui
211 2208 359 2271 subalare
382 2208 486 2272 telum
509 2207 636 2292 eripuit.
671 2229 810 2291 namque
834 2210 904 2271 erat
922 2230 996 2272 cum
1014 2229 1052 2272 eo
1071 2207 1140 2291 qui·

137 2295 211 2359 dam
234 2317 273 2360 ex
295 2294 435 2361 Arcadia
455 2295 588 2380 hospes,
618 2295 674 2379 qui
700 2317 879 2379 numquam
901 2296 1063 2361 discedere
1085 2317 1140 2360 ro·

136 2384 250 2449 luerat
285 2384 371 2449 hunc
394 2385 487 2467 sequi
510 2404 544 2448 se
567 2384 659 2448 iubet
680 2388 714 2447 et
736 2383 770 2448 id
792 2383 878 2467 quod
900 2384 1139 2468 inpraesentia

137 2472 406 2537 vestimentorum
437 2471 501 2536 fuit
533 2472 658 2555 arripit.
701 2470 754 2535 his
783 2472 818 2536 in
847 2473 957 2558 ignem
984 2471 1139 2537 coniectis

102 2559 286 2625 sflammae
316 2559 383 2625 rim
414 2558 554 2624 transiit.
600 2581 695 2642 quem
726 2564 764 2624 ut
794 2560 926 2625 barbari
956 2560 1140 2625 incendium

138 2647 289 2732 effugisse
318 2648 481 2732 viderunt,
513 2647 588 2713 telis
616 2647 741 2712 eminus
768 2648 877 2713 missis
908 2647 1141 2713 interfecerunt

138 2738 298 2819 caputque
317 2736 385 2800 eius
404 2737 445 2801 ad
463 2735 709 2800 Pharnabazum
727 2737 933 2802 rettulerunt
963 2741 998 2801 at
1015 2737 1141 2818 mulier,

137 2843 219 2907 quae
238 2844 311 2887 eum
330 2845 367 2888 eo
386 2825 492 2890 rivere
511 2827 691 2908 consuerat,
712 2824 863 2890 muliebri
882 2847 941 2890 sua
958 2828 1048 2890 veste
1067 2846 1141 2889 eon-

137 2915 260 2976 teetum
284 2911 420 2977 aedificii
443 2912 591 2977 incendio
614 2915 780 2977 mortuum
803 2913 966 2997 cremavit,
991 2911 1077 2996 quod
1100 2912 1140 2977 ad

137 3000 246 3064 vivum
263 2999 512 3065 interimendum
531 3003 603 3064 erat
619 3005 852 3084 comparatum
888 3001 935 3066 sic
953 2999 1140 3066 Alcibiades

138 3110 240 3153 annos
258 3088 387 3154 circiter
404 3088 617 3174 quadraginta
634 3092 731 3153 natus
749 3089 834 3153 diem
848 3088 931 3154 obiit
946 3109 1140 3173 supremum

86 3176 125 3241 11
225 3174 321 3240 Hunc
339 3175 532 3242 infamatum
547 3199 566 3241 a
579 3177 742 3260 plerisque
760 3181 828 3241 tres
842 3175 1026 3262 gravissimi
1039 3176 1141 3242 histo·

137 3264 198 3330 rici
212 3264 346 3328 summis
370 3265 520 3329 laudibus
534 3266 731 3329 extulerrmt:
754 3264 965 3349 Thucydides,
989 3265 1045 3349 qui
1059 3266 1141 3330 eius·

138 3352 210 3416 dem
233 3352 350 3416 aetatis
373 3351 451 3436 fuit,
478 3351 720 3438 Theopompus,
746 3358 823 3438 post
845 3353 1012 3437 aliquanto
1034 3357 1140 3437 natus,

138 3443 171 3503 et
193 3439 357 3505 Timaeus:
387 3441 443 3523 qui
471 3440 600 3525 quidem
623 3441 686 3505 duo
709 3441 1008 3506 maledicentissimi
1029 3442 1139 3506 nescio

85 3540 109 3582 2
124 3545 192 3603 quo
213 3527 315 3592 modo
335 3529 372 3593 in
395 3529 455 3594 illo
479 3550 544 3596 uno
568 3529 727 3596 laudando
750 3530 964 3596 consentiunt.
1001 3551 1139 3612 namque
