2460 3848
385 163 471 220 xxv.
489 162 647 219 ATTICUS.
675 169 717 220 21.
737 170 779 218 aa.
906 176 910 183 ·
1024 161 1088 224 113

84 306 182 372 iussit
214 311 248 371 et
281 328 354 371 cum
381 329 418 371 eo
446 306 482 369 L.
510 305 695 372 Cornelium
721 306 862 370 Balbum
891 303 1088 388 Sextumque

83 395 296 460 Peducaeum.
333 395 394 459 1101
412 399 450 460 ut
472 395 598 459 venisse
620 395 711 478 vidit,
734 396 768 458 in
790 395 936 459 cubitum
958 393 1087 456 innixus
1107 408 1121 458 5

84 483 263 567 ‘quantam'
282 473 390 566 r⁴nquit
413 483 535 548 ‘curam
558 483 824 568 diligentiamque
847 483 882 546 in
904 480 1087 545 valetudine

85 593 157 636 mea
180 573 300 636 tuenda
321 572 384 636 hoc
406 575 553 655 tempore
577 571 787 654 adhibuerim,
811 592 883 634 cum
904 590 961 633 vos
985 572 1087 632 testes

83 661 236 744 habeam,
264 659 348 724 nihil
369 680 499 724 neeesse
522 663 573 723 011
595 659 742 743 pluribus
765 659 872 722 verbis
896 678 1088 722 commemo-

84 771 164 813 rare.
210 749 327 832 quibus
356 748 522 831 quoniam,
549 751 587 811 ut
609 769 716 831 spero,
744 746 902 830 satisfeci,
931 767 982 809 me
1004 745 1086 808 nihil

84 837 200 920 reliqui
223 836 347 921 fecisse,
370 837 456 919 quod
479 836 520 900 ad
543 836 720 900 sanandum
739 857 789 898 me
807 835 994 919 pertineret,
1015 832 1087 896 reli-

84 946 183 1008 quum
208 928 258 989 est
280 929 318 989 ut
340 928 470 1009 egomet
492 924 574 988 mihi
597 923 771 989 consulam.
805 923 838 986 id
856 943 914 986 vos
937 922 1087 1006 ignorare

83 1012 187 1077 nolui:
209 1036 286 1077 nam
304 1013 384 1077 mihi
403 1017 470 1077 stat
489 1013 574 1076 alere
592 1013 742 1076 morbum
761 1011 914 1075 desinere.
947 1031 1085 1092 namque
1106 1027 1121 1074 e

82 1100 271 1166 hisdiebus
296 1101 451 1184 quidquid
479 1101 544 1165 cibi
571 1100 707 1185 sumpsi,
736 1100 784 1163 ita
810 1099 948 1183 produxi
975 1098 1086 1179 vitam,

83 1193 121 1253 ut
148 1190 293 1254 auxerim
320 1189 447 1253 dolores
476 1189 544 1252 sine
573 1210 630 1273 spe
659 1188 783 1252 salutis.
829 1208 927 1270 quare
951 1208 970 1250 a
992 1185 1084 1249 vobis

82 1280 169 1359 peto,
192 1277 333 1359 primum
355 1281 393 1340 ut
416 1277 586 1341 consilium
608 1277 754 1361 probetis
773 1297 890 1359 meum,
913 1275 1026 1339 deinde
1044 1295 1085 1337 ne

84 1362 206 1426 frustra
229 1363 428 1429 dehortando
451 1365 607 1448 impedire
631 1363 811 1429 conemini?

84 1467 87 1472 ’
170 1450 242 1516 Hac
265 1453 410 1516 oratione
433 1453 547 1516 habita
565 1455 658 1516 tanta
678 1451 861 1516 constantia
878 1452 966 1515 vocis
986 1454 1083 1534 atque
1095 1452 1137 1517 22

82 1538 201 1625 vultus,
223 1543 261 1603 ut
283 1561 348 1604 non
371 1561 410 1604 ex
431 1540 508 1623 vita,
532 1539 587 1603 sed
610 1561 649 1604 ex
671 1540 767 1604 domo
790 1539 825 1603 in
848 1539 978 1603 domum
1000 1539 1085 1602 ride

82 1630 173 1690 retur
196 1627 346 1712 migrare,
369 1650 442 1692 cum
465 1628 594 1710 quidem
616 1625 764 1712 Agrippa
787 1648 860 1691 eum
882 1626 963 1689 flens
987 1630 1119 1709 atquea

83 1715 232 1780 osculans
256 1720 365 1781 oraret
387 1720 485 1798 atque
508 1716 707 1798 obsecraret,
735 1736 776 1779 ne
802 1714 836 1778 id
858 1714 946 1797 quod
968 1717 1085 1777 natura

82 1808 213 1887 cogeret
235 1804 305 1888 ipse
324 1824 450 1887 quoque
470 1803 533 1867 sibi
552 1803 755 1886 acceleraret,
781 1805 824 1886 et,
842 1801 996 1884 quoniam
1014 1806 1084 1865 tum

82 1911 209 1974 quoque
236 1895 348 1975 posset
376 1891 577 1975 temporibus
600 1911 781 1975 superesse,
810 1911 844 1953 10
868 1889 930 1953 sibi
954 1889 1084 1972 suisque

81 1984 275 2063 reservaret,
297 2001 409 2064 preces
433 1980 500 2044 eius
524 1979 687 2043 taciturna
709 1999 769 2043 sua
791 1977 1011 2043 obstinatione
1034 1979 1085 2042 de-

80 2067 209 2150 pressit.
255 2067 301 2132 110
324 2090 398 2133 cum
419 2067 554 2132 biduum
577 2067 649 2132 cibo
673 2088 707 2132 se
730 2066 950 2151 abstinuisset,
974 2066 1118 2132 subitae

81 2154 181 2220 febris
210 2156 348 2221 decessit
374 2156 538 2240 leviorque
562 2156 695 2220 morbus
719 2176 788 2220 esse
813 2155 929 2239 coepit.
973 2158 1084 2219 tamen

80 2245 285 2326 propositum
311 2244 414 2310 nihilo
443 2244 543 2309 setius
574 2244 702 2328 peregit
732 2244 843 2326 itaque
876 2243 926 2307 die
960 2245 1083 2325 quinto,

80 2336 255 2414 postquam
286 2333 319 2396 id
351 2333 522 2398 consilium
557 2332 693 2415 inierat,
728 2331 832 2414 pridie
860 2331 925 2394 kal.
951 2329 1082 2412 Apriles

81 2417 137 2483 (ln.
160 2417 307 2483 Domitio
331 2418 366 2485 O.
390 2419 482 2484 Sosio
507 2419 693 2483 oonsulibus
717 2418 863 2482 decessit.
904 2417 1008 2481 elatus
1032 2422 1118 2488 0114

80 2506 115 2570 in
141 2506 304 2590 lecticula,
331 2510 369 2571 ut
395 2507 464 2589 ipse
487 2506 753 2590 praescripserat,
783 2506 852 2569 sine
874 2505 942 2570 ulla
963 2527 1083 2589 pompa

80 2593 215 2679 funeris,
244 2593 475 2659 comitantibus
504 2594 653 2658 omnibus
685 2593 792 2677 bonis,
824 2593 965 2657 maxima
992 2594 1083 2679 vulgi

79 2681 270 2766 frequentia.
310 2682 455 2765 sepultus
479 2686 529 2745 est
551 2682 642 2745 iuxta
660 2681 747 2746 viam
764 2680 906 2765 Appiam
929 2682 969 2746 ad
993 2682 1083 2765 quin-

81 2773 151 2834 tum
173 2771 313 2855 lapidem
336 2771 371 2834 in
393 2773 600 2834 monumento
626 2768 663 2844 Q.
686 2767 828 2853 Caecilii,
851 2770 1000 2834 avrmculi
1024 2770 1083 2834 sui.
