2460 3848
130 186 192 259 20·
493 196 526 252 v.
548 195 670 252 cinon.
698 201 775 250 2-4.

131 338 287 423 oppidum
313 337 537 425 Amphipolim
566 339 737 405 constituit
769 359 869 421 eoque
901 338 1010 404 decem
1042 339 1134 403 milia

129 423 380 493 Atheniensium
402 428 437 492 in
459 428 620 493 coloniam
642 427 740 491 misit.
785 426 870 490 idem
897 426 1016 491 iterum
1041 429 1133 510 impe·

129 519 218 580 rator
244 516 329 601 apud
351 515 499 600 Mycalen
522 513 715 599 Cypriorum
738 517 771 578 et
793 513 992 579 Phoenicum
1019 514 1132 580 ‹lucen-¹

95 605 241 669 starum
266 604 397 668 navium
424 605 560 669 classem
586 602 746 667 demetam
774 602 860 685 cepit
883 603 1059 686 eodemque
1081 604 1132 669 die

131 692 204 774 pari
225 691 358 756 fortuna
378 691 414 755 in
436 696 523 756 terra
544 712 621 755 usus
645 693 703 754 est.
747 711 886 773 namque
911 691 1056 755 hostium
1078 713 1133 756 na

130 778 225 842 vibus
249 779 352 864 captis
376 780 489 844 statim
512 778 674 842 exulasse
697 778 806 862 copias
830 799 904 842 suas
927 779 1039 844 eduxit
1060 781 1133 844 bar-

130 865 348 952 barorumque
379 867 552 933 maximam
575 866 642 930 vim
664 887 728 930 uno
756 887 914 931 concursu
944 869 1132 951 prostravit.

95 958 197 1037 4qua
223 956 361 1022 victoria
386 976 504 1040 magna
529 954 648 1038 praeda
674 954 799 1038 potitus
828 977 901 1019 cum
928 955 1060 1020 domum
1084 978 1133 1020 re·

130 1047 325 1129 verteretur,
353 1043 438 1127 quod
460 1042 525 1106 iam
547 1042 721 1107 nonnullae
743 1042 868 1106 insulae
889 1047 1024 1127 propter
1047 1066 1132 1108 acer-

130 1131 271 1198 bitatem
287 1130 413 1216 imperii
432 1129 622 1214 defecerant,
640 1131 721 1195 bene
740 1131 899 1195 animatas
919 1132 1132 1217 confirmavit,

96 1220 288 1284 bulienatas
312 1219 351 1283 ad
374 1216 517 1284 officium
535 1217 639 1282 redire
657 1218 773 1304 coigit
808 1217 953 1304 Scyrum,
976 1242 1073 1303 quam
1092 1241 1130 1286 eo

131 1311 277 1392 tempore
290 1306 432 1391 Dolopes
450 1306 646 1391 incolebant,
663 1307 749 1390 quod
768 1307 989 1372 contumacius
1008 1330 1043 1372 se
1062 1329 1131 1395 ges·

131 1399 254 1480 serant,
275 1393 465 1478 vacuefecit,
486 1415 690 1478 possessores
712 1398 836 1459 veteres
859 1396 939 1459 urbe
961 1396 1130 1480 insulaque

131 1483 235 1567 eiecit,
257 1503 353 1568 agros
376 1482 500 1547 civibus
524 1483 642 1548 divisit.
679 1482 816 1547 Thasios
839 1484 1005 1567 opulentia
1026 1483 1129 1550 fretos

131 1567 190 1636 su'o
213 1571 352 1636 adventu
374 1569 482 1655 fregit.
517 1569 569 1635 his
592 1591 632 1635 ex
654 1571 815 1635 manubiis
838 1593 896 1635 arx
918 1571 1130 1658 Athenarum,

132 1680 196 1743 qua
218 1659 258 1725 ad
280 1657 446 1724 meridiem
468 1659 584 1744 vergit,
607 1663 657 1723 est
680 1664 802 1724 ornata.

95 1740 117 1805 3
219 1746 342 1824 Quibus
370 1747 466 1812 rebus
495 1769 568 1812 cum
594 1769 678 1812 nnus
701 1747 890 1813 incivitate
913 1748 1129 1813 maximeflo·

130 1840 230 1920 reret,
259 1834 373 1900 incidit
403 1835 439 1899 in
465 1835 598 1900 eandem
626 1836 781 1901 invidiam
804 1858 901 1919 quam
929 1841 1023 1921 pater
1052 1858 1129 1902 suus

130 1924 292 2006 ceterique
314 1922 563 1991 Atheniensium
584 1923 759 2007 principes:
785 1945 861 1988 nam
884 1929 1043 1989 testarum
1066 1925 1130 1990 suf·

128 2011 242 2097 fragiis
267 2010 367 2094 [quod
389 2011 440 2074 illi
462 2010 665 2089 ὀετρακιεμόν
684 2015 815 2091 vocant]
840 2011 950 2075 decem
972 2035 1130 2078 annorum

93 2107 111 2158 a
130 2099 226 2165 exilio
250 2100 408 2163 multatus
432 2102 490 2162 est.
536 2098 626 2162 cuius
653 2096 733 2162 facti
756 2098 891 2163 celerius
914 2098 1129 2166 Athenienses

130 2209 227 2272 quam
248 2188 356 2271 ipsum
378 2186 549 2270 paenituit.
583 2208 660 2250 nam
678 2207 751 2250 cum
773 2186 829 2250 ille
852 2186 959 2250 animo
982 2186 1062 2251 forti
1083 2188 1130 2253 in-

128 2276 233 2342 vidiae
264 2275 468 2362 ingratorum
495 2272 613 2339 civium
640 2272 791 2338 cessisset
821 2274 1007 2358 bellumque
1033 2273 1130 2341 Lace·

130 2364 291 2428 daemonii
317 2362 571 2428 Atheniensibus
600 2360 805 2447 indixissent,
835 2361 1006 2427 confestim
1032 2369 1129 2429 uotae

93 2452 197 2516 seius
219 2452 351 2516 virtutis
374 2449 567 2515 desiderium
590 2454 798 2515 consecutum
821 2454 879 2515 est.
919 2451 1029 2535 itaque
1052 2458 1130 2536 post

128 2561 248 2604 anuum
271 2541 434 2624 quintum,
457 2559 555 2622 quam
577 2538 730 2623 expulsus
753 2542 837 2623 erat,
863 2537 898 2603 in
919 2539 1060 2623 patriam
1082 2562 1129 2604 re-

127 2632 262 2692 vocatus
294 2633 353 2693 est.
399 2627 473 2711 ille,
510 2626 596 2710 quod
626 2625 770 2710 hospitio
802 2625 1130 2693 Lacedaemoniorum

127 2717 291 2800 utebatur,
314 2717 417 2780 satius
435 2715 625 2780 existimans
644 2713 792 2780 Gramiac
809 2716 944 2781 asumma
961 2717 998 2782 de
1014 2721 1130 2782 coutro-

126 2805 234 2870 cersiis
255 2805 321 2870 sucis
342 2806 423 2869 iuter
444 2824 476 2868 se
496 2804 564 2867 turc
585 2804 751 2884 disceptare
772 2823 866 2885 quom
883 2804 982 2868 cumis
999 2809 1129 2869 conten-

128 2891 211 2977 dere,
233 2891 507 2956 Lacedaemonem
530 2912 589 2955 sua
611 2895 726 2974 sponte
749 2895 800 2955 est
822 2891 986 2976 profectus
1004 2914 1130 2976 pacem-

92 2988 111 3040 ι
129 3001 190 3063 que
208 2980 294 3044 inter
313 2980 393 3045 duas
406 2979 651 3064 potentissimas
665 2979 815 3044 civitates
829 2980 1022 3044 conciliavit.
1044 2985 1130 3066 post,

127 3090 231 3152 neque
258 3069 305 3132 ita
332 3068 450 3151 multo,
481 3065 624 3151 Cyprum
647 3089 720 3132 cum
742 3067 888 3132 ducentis
911 3068 1048 3132 navibus
1070 3069 1130 3133 im-

127 3161 258 3240 perator
289 3156 421 3240 missus,
453 3177 527 3220 cum
559 3155 627 3220 eius
659 3155 814 3219 maiorem
845 3159 973 3238 partem
1003 3156 1129 3222 insulae

128 3244 308 3330 devicisset,
324 3245 359 3308 in
377 3244 527 3309 morbum
544 3242 723 3327 implicitus
741 3243 777 3307 in
794 3245 995 3326 eppupuurzdo
1009 3245 1128 3329 oppido

128 3332 214 3399 Citio
239 3337 289 3397 est
311 3336 469 3397 mortuus.

91 3416 115 3482 4
215 3419 310 3485 Hunc
328 3419 544 3484 Athenienses
561 3440 628 3483 non
651 3419 756 3484 solum
778 3419 813 3482 in
835 3419 931 3502 bello,
954 3419 1130 3488 sedetiam

110 3510 151 3568 in
161 3529 252 3590 pace
265 3509 321 3572 diu
336 3508 610 3574 desideraverimt.
640 3506 705 3572 tuit
718 3507 804 3572 enim
817 3510 910 3571 tanta
923 3507 1131 3596 liberalitate,
