2460 3848
404 213 502 269 XVIII.
521 213 702 270 EUMENES.
731 221 809 270 6-8.
1066 213 1109 278 'lb

105 363 256 443 parerent
286 359 418 442 eiusque
449 358 593 424 consiliis
619 362 796 424 uterentur.
836 359 889 424 his
919 358 1015 424 rebus
1046 357 1145 423 Itu-s

105 469 214 512 menes
237 450 404 529 permotus
428 447 531 510 satius
553 446 661 530 duxit,
693 447 721 511 11
743 447 791 511 111
813 447 944 512 11111111
970 446 1109 532 fortuna,

105 535 210 619 perire
229 536 310 600 bene
329 534 454 598 meritis
471 532 664 599 referentem
678 535 818 619 gratiam
833 557 930 618 quam
943 535 1110 619 ingratum
1172 539 1175 543 ’

105 644 223 687 urere.

193 709 308 794 Itaque
336 711 446 795 copias
475 711 651 795 contraxit,
683 711 805 776 bellum
837 711 989 776 adversus
1017 710 1147 774 Anti-'l

107 819 229 884 genum
252 800 460 881 comparavit.
502 799 587 882 quod
609 821 674 864 una
696 803 789 863 erant
810 799 1002 865 Macedones
1025 820 1110 863 com·

106 887 216 970 plures
243 887 382 968 nobiles,
408 887 443 951 in
466 887 512 951 eis
535 886 720 971 Peucestes,
748 887 804 970 qui
831 887 975 970 corporis
999 893 1110 952 custos

106 975 212 1040 fuerat
234 974 422 1060 Alexandri,
452 980 523 1040 tum
546 979 655 1040 autem
679 975 848 1039 obtinebat
870 973 1049 1059 Persidem,
1076 979 1110 1039 et

107 1062 296 1147 Antigenes,
319 1063 410 1128 cuius
424 1063 484 1128 sub
501 1063 636 1147 imperio
650 1064 792 1148 phalanx
805 1067 875 1128 1111
888 1062 1109 1147 Macedonum,

83 1151 260 1216 'invidiam
283 1173 395 1215 verens
415 1148 527 1235 (quam
550 1155 660 1216 tamen
682 1152 822 1236 effugere
840 1174 907 1217 non
924 1148 1057 1236 potuIt),
1081 1150 1109 1215 si

106 1240 216 1323 potius
239 1239 309 1321 ipse
332 1238 514 1324 alienigena
536 1240 654 1304 summi
676 1240 804 1325 imperii
826 1241 988 1324 potiretur
1011 1260 1109 1322 quem

107 1327 226 1410 aliquis
253 1325 473 1411 Macedonum,
505 1348 642 1410 quorum
673 1328 720 1391 ibi
752 1332 823 1393 erat
854 1327 1043 1411 multitudo,
1074 1327 1144 1391 ina

106 1413 275 1497 principiis
298 1413 474 1480 Alexandri
500 1416 630 1481 nomine
659 1417 904 1482 tabernaculum
931 1416 1049 1481 statuit
1075 1416 1110 1479 in

107 1522 209 1584 eoque
232 1500 346 1567 sellem
368 1525 499 1568 auream
522 1526 595 1568 cum
613 1508 742 1588 sceptro
761 1526 798 1569 ao
816 1505 995 1569 diademate
1013 1504 1110 1568 iussit
1181 1558 1185 1571 .,

107 1590 186 1674 poni
209 1611 310 1673 eoque
334 1613 445 1657 omnes
469 1591 603 1657 cottidie
626 1593 809 1676 convenire,
835 1597 873 1657 ut
894 1592 942 1656 ibi
964 1592 1003 1656 de
1026 1613 1110 1656 sum-

106 1678 169 1742 mis
192 1678 289 1743 rebus
313 1679 449 1744 consilia
472 1683 675 1764 caperentur,
702 1679 832 1745 credens
861 1680 984 1744 minore
1008 1701 1042 1743 se
1064 1678 1111 1743 in·

106 1766 193 1830 vidia
220 1765 303 1850 fore,
333 1767 362 1830 si
389 1767 495 1850 specie
522 1767 650 1850 imperii
675 1768 879 1850 nominisque
903 1767 1109 1832 simulatione

107 1853 283 1918 Alexandri
301 1853 424 1919 bellum
442 1855 605 1919 videretur
622 1855 856 1920 administrare.
891 1855 977 1939 quod
995 1854 1109 1921 effecit.

105 1963 182 2006 nam
201 1963 274 2007 cum
292 1964 359 2007 non
377 1942 417 2007 ad
430 1942 586 2008 Eumenis
604 1943 773 2028 principia,
795 1944 851 2010 sed
870 1944 910 2008 ad
928 1943 1019 2029 regia
1037 1964 1109 2009 con·
1127 1959 1144 2007 a

106 2031 270 2094 veniretur
297 2034 395 2113 atque
422 2031 469 2094 ibi
496 2030 535 2095 de
564 2032 661 2096 rebus
693 2032 938 2117 deliberaretur,
969 2032 1109 2115 quodam

106 2118 202 2220 modo
226 2119 365 2203 latebat,
395 2141 468 2185 cum
491 2123 601 2184 tamen
621 2142 680 2204 per
703 2142 776 2185 eum
798 2144 897 2187 unum
920 2125 1109 2207 gererentur

107 2229 224 2272 omma

193 2294 293 2360 Hic
283 2318 318 2362 m
343 2295 462 2362 Parcet
448 2297 530 2362 tacis
558 2319 631 2362 cum
657 2296 825 2382 Antigono
853 2296 1012 2379 conflixit,
1043 2297 1148 2360 n0n8

108 2382 176 2446 acie
199 2383 368 2468 instructa,
391 2385 478 2449 sed
469 2407 504 2448 m
525 2385 651 2469 itinere,
673 2407 810 2468 eumque
833 2384 917 2449 male
940 2387 1109 2465 acceptum

107 2469 142 2533 in
165 2467 306 2534 Mediam
327 2471 506 2536 hiematum
530 2474 637 2558 coegit
623 2473 777 2537 tredire
822 2471 949 2556 ipsein
969 2471 1053 2534 finit
1029 2474 1110 2535 tima

108 2557 241 2641 regione
263 2556 404 2622 Persidis
426 2559 606 2623 hiematum
629 2561 738 2643 copias
762 2560 887 2644 divisit,
909 2579 975 2623 non
997 2562 1034 2622 ut
1056 2581 1109 2623 1ο-

107 2644 183 2727 luit,
212 2644 268 2710 sed
294 2649 332 2710 ut
358 2646 501 2710 militum
528 2648 666 2731 cogebat
688 2648 847 2713 voluntas
891 2669 1029 2730 namque
1051 2647 1144 2712 illan

106 2695 248 2832 pbalanx
266 2731 443 2798 Alexandri
464 2733 586 2835 Magni,
610 2756 691 2818 quae
709 2734 824 2800 Asiam
845 2739 1036 2820 peragrarat
1058 2734 1110 2801 de-

107 2820 292 2921 viceratque
314 2820 444 2906 Persas,
473 2822 653 2887 inveterata
680 2845 754 2888 cum
780 2823 886 2923 gloria
912 2827 983 2887 tum
1010 2823 1110 2888 etiam

107 2908 216 2974 licent'
193 2912 252 2994 111,
278 2931 345 2974 non
366 2932 479 2994 parere
502 2931 536 2975 se
558 2911 708 2995 ducibus,
736 2911 827 2976 sed
818 2933 976 2995 rmpercre
999 2915 1110 2994 postu-

107 2997 212 3081 labat,
238 3002 276 3062 ut
302 3020 387 3064 nunc
414 2998 558 3063 veterani
584 2962 709 3064 faciunt
736 2999 850 3064 nostri,
895 3000 1005 3082 itaque
1027 2998 1110 3082 peri·

108 3085 217 3149 culum
244 3090 295 3151 est
321 3108 362 3151 ne
388 3086 511 3151 faciant
540 3087 626 3169 quod
653 3087 703 3151 illi
725 3087 884 3171 fecerunt,
912 3109 970 3151 sua
996 3087 1110 3150 intem-

107 3174 256 3256 perantia
286 3174 450 3258 nimieque
480 3175 614 3239 licentia
642 3178 680 3239 ut
707 3176 816 3239 omnia
842 3175 980 3259 perdant
1005 3196 1109 3257 neque

108 3261 216 3325 minus
240 3284 305 3346 eos,
328 3284 401 3327 eum
424 3262 541 3345 quibus
564 3262 709 3347 fecerint,
732 3285 829 3346 quam
852 3265 1004 3329 adversus
1029 3283 1109 3345 quos

108 3349 271 3414 steterint.
303 3351 417 3433 quodsi
435 3351 508 3434 quis
526 3350 658 3416 illorum
671 3355 898 3417 veteranorum
911 3352 1001 3436 legat
1014 3350 1110 3436 facta,
1128 3367 1147 3415 s

104 3437 198 3519 paria
219 3436 336 3502 homm
359 3442 535 3525 cognoscat
557 3461 661 3523 neque
684 3461 753 3504 rem
774 3439 876 3504 ullam
898 3439 963 3503 nisi
981 3443 1112 3518 tempus

101 3526 263 3592 interesse
285 3526 415 3594 iudicet.
459 3527 517 3595 sed
538 3527 583 3595 ad
602 3528 681 3595 illos
701 3526 1036 3594 sessiacensem
1047 3539 1140 3581 suus:
