2460 3848
388 195 473 251 XXII.
491 195 691 252 HAMILOAR.
721 203 744 251 1.
763 202 787 250 2.
1049 194 1090 258 87

59 366 62 370 ’
90 339 329 405 incommodum
350 339 482 421 ‚videtur
510 361 576 404 non
607 341 783 423 praeterire
811 339 1030 405 Hamilcarem
1058 344 1093 405 et

90 428 315 511 Hannibalem,
339 449 420 510 quos
443 431 476 492 et
499 427 599 492 animi
621 428 843 513 magnitudine
862 431 896 492 et
914 428 1091 493 calliditate

91 538 202 581 omnes
225 517 260 580 in
281 514 394 580 Africa
415 520 511 581 nator
534 516 737 599 praestitisse
761 520 898 582 constat.

394 818 505 891 XXIL
533 816 792 892 HAMILOAR.

177 955 352 1040 Hamilcar,
365 954 558 1021 Hannibalis
573 956 669 1040 filius,
683 956 874 1042 cognomine
885 957 999 1041 Barca,
1012 955 1091 1020 Kar·
1111 958 1129 1021 1

90 1045 313 1130 thaginiensis,
335 1044 440 1128 primo
459 1043 598 1109 Poenico
622 1044 718 1129 bello,
740 1045 796 1110 sed
819 1046 1019 1128 temporibus
1041 1067 1091 1109 ex·

90 1134 217 1218 tremis,
248 1132 421 1196 admodum
449 1131 707 1197 adulescentulus
736 1133 771 1197 in
799 1131 910 1198 Sicilia
941 1154 1090 1217 praeesse

90 1222 198 1306 coepit
220 1220 383 1284 exercitui.
418 1241 491 1284 cum
514 1225 589 1285 ante
612 1221 680 1284 eius
704 1222 878 1285 adventum
901 1224 935 1286 et
957 1221 1039 1285 mari
1058 1224 1127 1285 eta

91 1315 178 1375 terra
201 1309 284 1372 male
308 1329 359 1372 res
382 1313 571 1394 gererentur
589 1308 920 1395 Karthaginiensium,
943 1309 1012 1393 ipse
1034 1309 1092 1373 ubi

91 1399 196 1480 affuit,
227 1417 405 1479 numquam
436 1396 525 1461 hosti
553 1397 651 1461 ceseii
687 1419 790 1480 neque
822 1399 930 1478 locum
955 1397 1092 1463 nocendi

91 1487 192 1569 dedit,
222 1505 379 1568 saepeque
402 1505 419 1548 e
443 1485 606 1549 contrario
634 1485 800 1550 occasione
824 1486 900 1549 data
927 1485 1092 1551 lacessivit

91 1594 279 1658 semperque
303 1572 450 1656 superior
472 1573 630 1637 discessit
675 1594 739 1656 quc
766 1572 867 1658 facto,
895 1595 968 1638 cum
990 1594 1091 1657 paene

92 1662 200 1727 omnia
231 1661 266 1724 in
294 1658 405 1725 Sicilia
432 1659 533 1725 Poeni
565 1660 763 1744 amisissent,
794 1661 849 1724 ille
876 1660 1015 1744 Erycem
1045 1660 1093 1725 sic

91 1749 246 1833 defendit,
277 1752 315 1812 ut
345 1749 467 1811 bellum
495 1769 532 1812 eo
564 1749 636 1813 loco
668 1752 797 1834 gestum
828 1770 894 1813 non
920 1748 1091 1813 videretur.

90 1838 222 1902 interim
244 1835 533 1921 Karthaginienses
562 1836 663 1901 classe
691 1836 775 1920 apud
801 1836 924 1900 insulas
948 1835 1127 1922 Aegateso

91 1949 111 1990 a
125 1924 159 1992 Ο.
173 1925 316 2010 Lutatio,
339 1924 469 1989 consule
487 1925 717 2009 Romanorum,
740 1925 884 2008 superati
907 1928 1093 1989 statuerunt

90 2014 169 2078 belli
195 2012 301 2077 facere
328 2012 425 2076 finem
452 2034 587 2095 eamque
614 2034 683 2077 rem
710 2013 846 2077 arbitrio
875 2014 1093 2097 permiserunt

90 2101 295 2167 Hamilcaris.
347 2100 403 2164 ille
435 2103 499 2164 etsi
533 2099 695 2186 flagrabat
731 2101 873 2166 bellandi
906 2101 1092 2187 cupiditate,

91 2196 200 2255 tamen
231 2188 304 2274 paci
336 2185 541 2253 serviundum
572 2189 715 2273 putavit,
752 2190 838 2272 quod
868 2190 1010 2273 patriam
1042 2211 1092 2253 ex-

90 2280 241 2344 haustam
264 2279 448 2361 sumptibus
471 2277 592 2342 diutius
611 2277 813 2342 calamitates
831 2277 909 2342 belli
927 2278 1011 2341 ferre
1026 2298 1092 2341 non

90 2388 187 2450 posse
210 2366 431 2450 intellegebat,
453 2366 580 2430 sedita
605 2369 644 2429 ut
676 2365 788 2428 statim
812 2369 919 2428 mente
943 2366 1129 2450 agitarete

92 2455 120 2518 si
142 2453 275 2537 paulum
298 2454 393 2517 modo
417 2474 468 2517 res
492 2457 600 2517 essent
622 2452 770 2535 refectae,
793 2452 915 2516 bellum
938 2473 1091 2516 renovare

91 2542 319 2622 Romanosque
343 2541 442 2604 armis
465 2541 627 2624 persequi,
651 2541 801 2605 donicum
825 2543 882 2604 aut
903 2541 1024 2605 virtuto
1048 2540 1092 2605 vi-

92 2631 213 2694 cissent
235 2630 292 2691 aut
314 2628 392 2692 victi
410 2649 524 2691 manus
543 2628 715 2692 dedissent.
745 2628 808 2692 hoc
827 2627 960 2693 consilio
979 2646 1127 2712 pacemo

92 2716 285 2799 conciliarit,
307 2715 342 2779 in
364 2737 427 2798 quo
451 2719 544 2779 tanta
560 2716 624 2780 fuit
642 2716 771 2799 ferocia,
794 2737 868 2780 cum
886 2714 1021 2782 Catulus
1039 2739 1092 2781 ne-

91 2809 185 2891 garet
210 2804 332 2869 bellum
360 2804 629 2888 compositurum,
657 2804 722 2867 nisi
748 2803 803 2867 ille
827 2825 900 2868 cum
928 2805 1008 2888 suis,
1036 2805 1092 2888 qui

90 2893 229 2977 Erycem
251 2895 407 2974 tenerent,
431 2891 529 2955 armis
552 2892 674 2956 relictis
699 2890 812 2956 Sicilia
834 2892 1032 2976 decederent,
1054 2897 1092 2956 ut

92 2981 319 3047 succumbente
346 2981 454 3063 patria
481 2980 550 3062 ipse
572 2980 753 3063 periturum
776 3001 810 3044 se
832 2981 943 3064 potius
966 2980 1092 3064 dixerit,

92 3092 189 3153 quam
216 3090 289 3134 cum
319 3072 411 3132 tanto
438 3067 564 3152 flagitio
593 3068 723 3133 domum
750 3067 886 3133 rediret:
917 3069 1092 3132 nonenim

92 3179 168 3222 suae
200 3178 270 3220 esse
301 3156 433 3220 virtutis
466 3177 556 3219 arma
585 3177 605 3220 a
635 3156 743 3239 patria
775 3160 908 3240 accepta
939 3157 1091 3221 adversus

90 3247 201 3310 hostes
229 3244 420 3309 adversariis
453 3244 588 3308 tradere.
637 3244 733 3308 huius
765 3244 962 3328 pertinaciae
994 3245 1093 3310 cessit

91 3333 235 3399 Catulus.

177 3421 224 3486 At
250 3421 305 3484 ille
332 3424 370 3486 ut
396 3419 632 3506 Karthaginem
659 3420 761 3505 venit,
796 3420 900 3485 multo
929 3420 1024 3485 aliter
1055 3422 1133 3486 acP.

90 3514 237 3594 sperarat
259 3530 328 3573 rem
358 3508 522 3592 publicam
545 3530 579 3574 se
601 3508 783 3574 habentem
803 3508 978 3590 cognoffi.
1016 3524 1115 3563 nam
1200 3586 1204 3593 Ι
