2460 3848
390 157 660 213 muneramus.
681 165 721 213 10.
742 164 786 212 11.
1052 158 1096 222 55

90 307 264 370 etabsens
287 303 465 369 amicitiam
489 326 562 368 cum
584 303 650 368 Dat
636 308 722 368 11111
745 303 834 389 facit,
859 303 946 389 regis
968 302 1097 387 provin·

90 395 158 459 cias
180 397 290 476 vexat,
317 397 387 456 cast
373 393 451 457 tella
454 397 651 492 expugnat,
678 413 812 492 magnas
840 391 976 476 praedas
1000 391 1096 476 capit,

90 503 228 566 quarum
259 485 334 581 part
335 481 381 543 im
413 480 480 545 suis
512 444 678 564 dispertit,
708 481 830 564 partim
862 480 902 544 ad
933 477 1097 544 Datamen

91 569 210 652 mittit3
236 570 308 652 pari
334 570 430 633 modo
459 568 626 651 complura
649 569 782 633 castella
805 569 835 632 ei
862 567 971 632 tradit
1016 567 1135 643 haec3

91 659 147 725 diu
178 621 324 723 fdciendo
356 657 502 741 peruasit
532 657 658 721 homini
685 679 720 722 se
751 657 916 721 infinitum
944 656 1096 720 adversus

92 767 202 832 regem
224 746 404 829 suscepisse
427 746 559 829 bellum,
581 767 655 810 eum
677 743 915 832 nihilomagis,
937 766 978 808 11
1000 765 1098 827 quam
1152 783 1155 790 »

93 835 309 918 suspicionem
340 835 390 898 illi
420 834 591 918 praeberet
621 833 829 917 insidiarum,
865 854 968 916 neque
1001 832 1098 897 collo-

92 924 205 1007 quium
224 923 292 987 eius
311 923 429 1007 petiuit
442 943 545 1004 neque
564 923 822 1005 inconspectum
836 921 944 985 venire
963 920 1097 985 studuit.

92 1013 139 1076 sic
158 1013 274 1077 absens
293 1011 472 1076 amicitiam
490 1011 632 1096 gerebat,
650 1014 768 1075 utnon
781 1009 946 1075 beneficiis
966 1009 1098 1092 mutuis,

92 1101 148 1165 sed
171 1100 334 1165 communi
353 1100 436 1183 odio,
458 1099 545 1182 quod
563 1120 641 1184 erga
658 1120 769 1184 regem
788 1101 1005 1182 susceperant,
1025 1119 1098 1162 con·

92 1189 190 1253 tineri
212 1188 359 1254 viderent
344 1191 406 1252 t.ur

180 1275 219 1341 Id
241 1298 315 1341 cum
338 1280 389 1340 sat
390 1276 419 1339 is
438 1297 472 1340 11
490 1276 698 1341 confirmasse
717 1277 896 1341 arbitratus
915 1281 1148 1359 1111111111

92 1367 211 1430 tiorem
233 1363 313 1428 facit
330 1363 397 1428 Dat
383 1369 501 1449 tamen,
524 1369 653 1448 tempus
672 1386 742 1429 esse
761 1366 901 1430 maiores
923 1384 971 1429 res
988 1363 1098 1465 parari

92 1459 127 1518 et
148 1453 271 1516 bellum
294 1474 367 1518 oum
389 1453 461 1537 ipso
485 1474 561 1538 rege
589 1454 724 1537 suscipi,
752 1453 853 1536 deque
876 1475 914 1517 ea
941 1474 989 1536 re,
1017 1452 1046 1516 si
1068 1451 1098 1516 ei

92 1541 264 1625 videretur,
284 1562 347 1623 quo
366 1542 438 1606 loco
457 1541 592 1625 vellet,
582 1563 617 1605 11
635 1541 834 1625 colloquium
856 1542 990 1607 veniret.
1026 1561 1099 1623 pro·

92 1631 172 1694 bata
200 1651 234 1693 re
265 1629 469 1713 colloquendi
501 1633 629 1712 tempus
662 1630 801 1694 sumitur
833 1630 1001 1712 locusque,
1034 1648 1097 1711 quo

92 1718 326 1783 conveniretur.
370 1717 434 1782 huc
457 1715 664 1781 Mithridates
687 1738 761 1781 eum
784 1739 862 1801 uno,
886 1717 937 1782 cui
960 1715 1135 1789 maximos

92 1806 235 1870 habebat
258 1805 363 1888 fidem,
386 1809 461 1869 ante
480 1805 606 1888 aliquot
623 1804 691 1868 dies
710 1805 799 1869 venit
815 1804 1099 1889 compluribusque

93 1895 174 1959 locis
201 1893 378 1977 separatim
405 1893 530 1978 gladios
558 1892 668 1957 obruit
693 1914 795 1976 eaque
825 1894 897 1958 loca
925 1892 1100 1978 diligenter

92 1986 196 2047 notat.
241 1981 313 2064 ipso
341 1985 450 2046 autem
477 1981 630 2065 colloquii
658 1981 709 2046 die
736 1983 879 2066 utrique,
908 1982 1016 2046 locum
1044 1979 1099 2064 qui

92 2071 300 2155 explorarent
323 2074 419 2154 atque
442 2071 531 2154 ipsos
555 2073 789 2155 scrutarentur,
812 2071 963 2156 mittunt,
985 2069 1099 2134 deinde

92 2159 157 2242 ipsi
179 2163 256 2224 sunt
278 2159 452 2244 congressi.
488 2158 541 2223 hic
560 2179 634 2223 cum
657 2159 856 2243 aliquamdiu
879 2160 914 2224 in
937 2159 1098 2241 colloquio
1118 2184 1134 2230 3

92 2248 232 2313 fuissent
259 2252 293 2312 et
320 2248 439 2312 diversi
466 2248 691 2312 discessissent
713 2248 842 2331 iamque
864 2248 977 2331 procul
1000 2246 1099 2311 Data·

93 2357 162 2400 mes
190 2336 335 2419 abesset,
361 2335 424 2399 11111
425 2335 534 2400 hridat
519 2339 582 2420 t,es
611 2335 801 2487 priusquam
825 2336 865 2399 ad
887 2356 964 2400 suos
991 2356 1100 2418 perve-

93 2424 188 2506 niret,
209 2444 250 2486 ne
270 2445 367 2507 quam
390 2388 606 2508 suspicionein
624 2428 762 2507 pareret,
784 2425 820 2487 in
838 2423 974 2487 eundem
992 2422 1101 2486 locum

93 2511 268 2576 revertitur
290 2514 388 2594 atque
411 2512 467 2595 ibi,
488 2513 546 2576 ubi
568 2512 671 2575 telum
689 2475 762 2575 1111
781 2511 950 2594 infossum,
972 2513 1101 2599 resedit,

94 2599 184 2663 utsi
205 2599 396 2663 lassitudine
420 2603 552 2683 cuperet
575 2599 787 2683 acquiescere,
809 2598 1034 2682 Datamenque
1053 2624 1101 2666 re·

94 2686 236 2768 vocavit,
264 2687 419 2750 simulans
448 2708 482 2751 se
510 2686 694 2770 quiddam
684 2710 718 2751 11
741 2687 904 2770 colloquio
927 2710 997 2754 esse
1021 2691 1101 2755 obli-

94 2779 174 2838 tum.
219 2737 351 2838 interim
374 2774 484 2859 telum,
507 2775 593 2858 quod
615 2775 748 2858 latebat,
770 2776 909 2858 protulit
931 2779 1100 2843 nudatum·
1118 2799 1139 2846 4

94 2885 157 2946 que
181 2863 299 2948 vagina
320 2867 411 2927 veste
434 2863 516 2927 texit
539 2885 576 2927 ac
598 2862 732 2927 Datami
755 2864 895 2928 venienti
919 2866 975 2948 ait,
997 2867 1100 2952 digre-

94 2951 184 3014 dient
170 2955 237 3015 tem
265 2973 299 3016 se
323 2951 588 3016 animadvertisse
612 2951 720 3015 locum
744 2953 916 3036 quendam,
947 2955 1002 3037 qui
1030 2960 1100 3018 erat

94 3039 130 3102 in
153 3044 304 3123 conspeet
290 3039 400 3124 tadu,
422 3044 530 3104 castra
552 3039 700 3124 ponenda
719 3061 789 3104 esse
807 3041 967 3107 idoneum.
1005 3061 1138 3126 querno

96 3148 169 3190 cum
197 3127 300 3213 digito
266 3128 566 3194 tdemonstraret
588 3131 623 3192 et
649 3128 705 3191 1111
732 3129 922 3229 respiceret,
951 3152 1100 3196 aversum

95 3214 181 3280 ferro
204 3216 368 3282 transfixit
391 3218 559 3302 priusque,
581 3237 680 3317 quam
703 3217 875 3301 quisquam
897 3223 1009 3302 posset
1032 3241 1101 3285 suc·

95 3324 236 3388 currere,
262 3305 434 3371 interfecit.
480 3304 692 3388 1111111111,
722 3306 778 3388 qui
805 3307 926 3372 multos
954 3308 1101 3394 oonsilio,

94 3392 257 3456 neminem
275 3395 409 3478 perfidia
427 3398 566 3478 ceperat,
585 3355 718 3458 simulbt
703 3396 739 3457 ta
753 3398 868 3479 captus
882 3399 933 3460 est
947 3397 1101 3462 amicitia
