2460 3848
219 205 486 262 DISOREPANTIA
504 204 730 260 SCRIPTURAE
748 203 974 260 HALMIANAE.
1047 203 1099 260 VH

97 355 128 414 in
154 373 191 415 ea
216 354 405 430 potissimum
432 353 505 413 urbe
573 356 607 432 4,
631 355 649 413 2
674 351 737 430 eui]
761 354 812 431 qni
881 356 914 432 5,
937 356 957 413 4
980 350 1096 429 mutae]

97 446 183 502 tanta
247 445 275 520 6,
295 444 312 500 2
333 442 419 501 effusi
482 443 511 520 7,
531 443 549 501 3
568 441 665 502 Attici
683 445 785 501 autem
802 441 887 518 quies
905 443 990 501 tanto
1010 461 1097 518 opere

97 529 217 591 Caesari
283 531 313 608 8,
338 533 354 590 1
378 530 455 589 illud
477 532 596 605 tempus
619 529 715 591 occiso
739 528 876 606 Caesare,
902 549 961 606 quo
1029 548 1096 589 een·

97 619 222 680 vertisse
246 614 425 694 [rideretur]
478 619 498 676 4
522 635 552 677 se
575 615 684 694 neque]
707 617 760 678 sed
781 637 877 694 neque
933 621 961 696 9,
985 621 1003 676 2
1027 637 1096 677 ven·

99 702 248 782 ditabant]
272 706 383 766 dabant
444 707 465 764 4
487 705 600 782 Attice,
622 723 746 782 sponsor
806 709 854 780 10,
874 708 893 766 3
916 724 1033 784 queque
1052 708 1098 765 est

98 794 194 853 Attici
251 797 271 853 4
291 791 370 869 eius]
389 793 472 853 illius
532 796 550 854 5
569 793 637 854 fuit
658 812 754 871 neque
772 793 1011 854 enim..sa1utis
1031 789 1097 870 [sed

99 879 263 959 eoniuneti]
332 881 468 942 dlaude
494 882 591 942 fertur
659 884 714 962 12,
741 884 760 942 3
784 881 935 942 triumviri
1004 884 1098 959 13,4

99 970 199 1046 petius
222 970 379 1048 diligentia
401 1012 435 1030 ..
458 972 505 1029 est
525 969 690 1029 industriae
760 970 809 1048 15,
835 972 850 1029 1
875 989 935 1030 nen
957 970 1098 1048 liberalis,

99 1058 151 1119 sed
173 1059 248 1119 levis
266 1058 490 1118 arbitrabatur.
505 1105 511 1116 .
525 1076 585 1117 non
602 1059 704 1133 posset
766 1061 783 1118 3
804 1054 918 1133 potest]
936 1060 1056 1132 poteret

101 1149 151 1226 16,
166 1149 185 1207 3
201 1146 380 1206 desiderabit
431 1147 482 1224 18,
496 1147 514 1204 3
530 1145 582 1222 qui
596 1165 614 1205 a
628 1164 745 1223 quoqne
760 1148 844 1206 ortus
895 1149 916 1204 4
931 1139 1098 1205 ΟΙαυᾰίϊᾱε

98 1234 308 1294 Marcellorum
376 1235 487 1293 5nam
510 1233 545 1292 de
567 1233 650 1311 viris,
672 1233 724 1310 qni
789 1234 917 1294 Romani
937 1233 1042 1309 populi
1180 1283 1182 1287 ,

99 1322 279 1382 eredendum
297 1324 343 1382 est
388 1323 475 1401 20,1
497 1319 652 1398 scriberet]
671 1322 805 1382 mitteret
850 1324 868 1382 5
889 1317 1099 1398 [intercedere]
