2460 3848
379 211 677 283 xvmaunanss
705 218 800 266 9—11.
828 167 829 171 Ν
1051 190 1109 277 77'

89 357 237 441 reddant,
259 361 297 421 ut
320 356 510 421 assimulata
533 361 715 421 castrorum
738 358 968 423 consuetudine
991 358 1093 442 suspi·
1111 373 1128 422 4

90 447 216 511 cionem
243 444 377 510 iniciant
404 445 568 538 hostibus,
598 445 639 509 iis
666 445 747 510 locis
770 468 841 511 eese
864 450 973 510 castra
994 466 1032 511 ac
1054 447 1094 512 de

90 556 203 599 eorum
226 533 365 598 adventu
388 555 458 597 esse
480 533 759 617 praenuntiatum
787 534 936 617 idemque
962 537 1094 618 postera

89 625 185 687 nocte
204 620 334 686 faciant.
367 621 485 704 quibus
503 621 699 705 imperatum
716 626 796 706 erat,
814 622 988 708 diligenter
1004 643 1094 705 prae-
1112 636 1128 685 ὁ

91 712 221 793 ceptum
240 712 362 774 curant.
397 707 585 794 Antigonus
603 709 747 773 tenebris
766 710 891 774 obortis
909 711 1002 795 ignes
1022 719 1094 774 c'on-

91 798 249 881 spicatur:
280 797 383 862 credit
410 796 449 862 dc
478 818 536 861 suo
560 797 700 862 adventu
722 818 794 862 esse
816 798 962 863 auditum
985 802 1020 863 et
1042 798 1094 862 ad-
1169 859 1174 874 ,

92 886 250 952 versarios
263 886 342 950 illuc
356 906 431 951 suas
446 885 645 949 contraxisse
660 885 778 969 copias.
802 890 908 950 mutat
922 885 1093 951 consilium
1111 901 1128 950 6

91 979 137 1058 et,
165 974 317 1057 quoniam
343 974 563 1056 imprudentes
591 973 711 1038 adoriri
737 995 803 1038 non
833 977 959 1058 posset,
990 974 1094 1039 flectit

90 1064 154 1127 iter
177 1084 271 1126 suum
290 1065 324 1126 et
343 1061 437 1126 illum
455 1060 637 1126 anfractum
655 1062 837 1147 longiorem
855 1062 1004 1146 copiosae
1022 1062 1093 1127 viae

91 1151 178 1234 capit
200 1151 310 1234 ibique
333 1150 418 1214 diem
440 1171 540 1214 unum
559 1150 727 1232 opperitur
745 1150 785 1214 ad
803 1150 1029 1215 lassitudinem
1048 1171 1094 1215 se

91 1239 228 1304 dandm
251 1238 394 1303 militum
413 1259 450 1302 ac
467 1237 639 1303 reficienda
656 1238 810 1323 iumenta,
833 1260 898 1323 quo
916 1238 1094 1323 integriore

91 1327 236 1392 exercitu
258 1325 451 1390 decerneret.

180 1411 234 1478 Sic
251 1413 413 1480 Eumenes
436 1414 588 1479 callidum
609 1415 839 1498 imperatorem
859 1415 938 1480 vicit
957 1415 1093 1480 consilio
1105 1414 1147 1478 10

92 1501 355 1584 celeritatemque
381 1502 551 1585 impedivit
577 1502 660 1586 eius,
686 1524 790 1586 neque
817 1507 927 1568 tamen
954 1504 1093 1568 multum

90 1589 238 1674 profecit.
282 1611 358 1655 nam
380 1590 502 1655 invidia
524 1589 653 1674 ducum,
676 1612 749 1654 cum
773 1591 890 1674 quibus
914 1595 997 1672 erat,
1024 1606 1128 1674 per-2

91 1679 230 1761 fidiaque
248 1676 461 1743 Macedonum
483 1681 717 1762 veteranorum,
741 1699 814 1743 cum
836 1678 984 1762 superior
1002 1699 1094 1761 prce

91 1767 136 1831 lio
159 1766 371 1848 discessisset,
401 1765 569 1850 Antigono
592 1768 643 1829 est
665 1765 806 1849 deditus,
838 1787 912 1830 cum
933 1766 1092 1830 exercitus

93 1855 123 1919 ei
144 1858 196 1919 ter
218 1858 294 1918 ante
317 1853 476 1936 separatis
499 1853 700 1936 temporibus
728 1853 867 1918 iurasset
889 1874 924 1918 se
947 1875 1020 1919 cum
1043 1853 1094 1918 de

91 1943 258 2008 sensurum
279 1963 383 2024 neque
405 1962 560 2026 umquam
582 1941 792 2006 desertumna
837 1941 893 2007 sed
915 1945 1009 2006 tanta
1029 1941 1094 2007 fuit

91 2031 321 2095 nonnullorum
347 2029 479 2094 virtutis
508 2029 718 2114 obtrectatio,
749 2034 787 2094 ut
814 2030 911 2095 fidem
942 2030 1093 2096 amittere

92 2118 227 2184 mallent
255 2140 352 2202 quam
379 2140 453 2182 eum
478 2139 546 2182 non
573 2118 714 2202 perdere.
760 2122 859 2202 atque
887 2118 973 2183 hunc
999 2117 1127 2184 Anti-s

92 2229 210 2294 gonus,
237 2229 310 2273 cum
333 2206 364 2271 ei
385 2205 502 2278 firisset
527 2205 773 2290 infestissimus,
800 2210 1036 2290 conservasset,
1065 2207 1093 2271 si

91 2318 149 2379 per
173 2317 248 2361 auos
272 2300 358 2360 esset
376 2295 511 2378 licitum,
534 2295 620 2377 quod
638 2294 678 2358 ab
696 2295 786 2359 nullo
806 2317 841 2359 se
858 2295 933 2377 plus
948 2295 1093 2358 adiuvari

92 2404 188 2467 posse
210 2383 422 2469 intellegebat
444 2383 480 2447 in
501 2382 548 2447 eis
571 2382 682 2466 rebus,
710 2403 789 2465 quas
817 2381 1001 2465 impendere
1027 2381 1094 2445 iam

93 2470 469 2640 tattlattttllt,
482 2471 696 2640 ltttllffi
711 2467 1092 2640 §ttritttqtlt

93 2647 123 2711 ei
146 2646 185 2710 de
207 2645 342 2709 summis
365 2645 461 2709 rebus
484 2648 555 2709 crat
577 2644 802 2710 dimicandum.
839 2644 896 2709 sed
917 2645 1129 2729 conpescit

93 2737 170 2799 sunt
187 2733 212 2796 ii
230 2733 286 2816 qui
305 2733 390 2797 circa
408 2736 509 2816 erant,
532 2732 617 2816 quod
634 2732 787 2797 videbant
800 2731 945 2797 Eumene
962 2738 1092 2818 recepto

93 2842 304 2905 omnesprae
326 2820 384 2885 illo
406 2820 499 2904 parvi
520 2819 657 2885 futuros.
693 2821 762 2903 ipse
780 2824 890 2885 autem
907 2819 1093 2906 Antigonus

93 2910 173 2975 adeo
201 2913 271 2974 erat
297 2908 460 2992 incensus,
491 2911 528 2972 ut
554 2908 619 2972 nisi
646 2929 764 2993 magna
792 2929 849 2992 spe
880 2909 1093 2974 maximarum
1171 2956 1174 2962 -

93 3019 202 3063 rerum
224 2997 319 3062 leniri
341 3018 407 3061 non
428 2999 548 3080 posset.

180 3084 295 3168 Itaque
319 3106 393 3149 cum
415 3106 488 3149 eum
510 3084 545 3148 in
567 3085 747 3149 custodiam
773 3084 916 3150 dedisset
943 3088 976 3150 ct
1003 3084 1143 3168 praeli

92 3175 197 3237 lectus
221 3173 392 3238 custodum
415 3173 608 3256 quaesisset,
636 3193 732 3256 quem
755 3173 795 3237 ad
817 3174 950 3238 modum
972 3173 1094 3236 servari

92 3261 199 3345 vellet,
218 3260 266 3324 ‘ut
285 3260 487 3326 acerrimum'
501 3259 609 3344 inquit
627 3260 764 3326 ‘leonem
783 3265 840 3326 aut
857 3261 1094 3326 ferocissimum

95 3349 327 3433 elephantum’:
349 3348 492 3414 nondum
510 3349 596 3413 enim
615 3352 782 3434 statuerat,
801 3352 1007 3414 conservaret
1020 3369 1094 3413 eum

91 3458 200 3503 necne.
237 3437 387 3503 veniebat
410 3441 519 3502 autem
541 3437 582 3502 ad
599 3436 778 3502 Eumenem
800 3441 973 3519 utrumque
992 3452 1129 3520 genusii

91 3524 268 3610 hominum,
291 3529 324 3591 et
343 3524 399 3609 qui
416 3529 550 3612 propter
568 3526 681 3591 odium
695 3524 1030 3592 tructumccxbxscx
1041 3521 1121 3580 sius
1204 3594 1213 3613 Ι
