2460 3848
413 189 498 247 XXII.
516 189 713 246 HAMILOAR.
741 198 765 246 4.
1053 192 1095 258 89

91 335 179 418 viris,
201 333 337 418 pecunia
360 338 465 399 totam
487 335 630 418 locuplet
616 336 699 400 tavit
712 335 866 401 Africam.
897 336 951 402 hio
970 359 1042 401 cum
1060 338 1129 403 ina

91 421 224 487 Italiam
246 422 368 486 bellum
390 422 509 487 inferre
532 423 757 508 meditaretur,
786 446 872 490 nono
897 446 980 488 anno
1007 430 1095 509 post-

93 532 190 594 quam
213 510 248 574 in
269 510 463 594 Hispaniam
484 515 630 595 venerat,
659 512 694 576 in
719 475 843 595 pioelio
871 533 1020 598 pugnans
1043 514 1096 579 ad-

92 620 203 663 versus
227 596 292 663 Vet
277 602 386 663 ttones
410 599 534 664 occisus
558 604 616 663 est.
650 599 746 666 huius
769 605 963 685 perpetuum
986 600 1130 668 odiums

92 707 170 772 erga
196 686 362 751 Romanos
390 688 528 751 maxime
556 688 736 753 concitasse
764 689 892 755 ridetur
921 689 1096 754 secuudum

92 776 214 840 bellum
236 775 419 840 Poenicum.
454 797 593 859 namque
611 775 786 861 Hannibal,
807 777 894 843 filius
918 777 996 862 eius,
1019 778 1096 842 assi-

93 864 164 928 duis
177 864 281 949 patris
296 864 571 929 obtestationibus
585 885 623 928 eo
637 868 689 928 est
706 867 890 950 perductus,
908 870 946 930 ut
962 866 1096 931 interire

94 974 190 1035 quam
213 951 378 1017 Romanos
400 973 467 1016 non
488 952 628 1031 experiri
651 954 773 1018 mallet.

382 1254 512 1326 XXIII.
541 1253 806 1328 HANNIBAL.

180 1390 359 1476 Hannibal,
381 1391 576 1458 Hamilcaris
598 1393 700 1477 filius,
729 1392 1022 1479 Karthaginiensis.
1069 1394 1134 1460 sil

94 1501 204 1544 verum
227 1483 291 1564 est,
315 1481 400 1564 quod
422 1502 517 1545 nemo
541 1481 685 1564 dubitat,
708 1485 746 1545 ut
768 1482 907 1565 populus
930 1481 1096 1547 Romanus

93 1589 205 1632 omnes
232 1571 346 1653 gentes
373 1568 494 1633 virtute
523 1569 697 1652 superarit,
725 1573 865 1634 nonest
891 1569 1097 1635 infitiandum

92 1655 311 1721 Hannibalem
328 1660 422 1721 tanto
440 1656 644 1740 praestItisse
659 1661 784 1721 ceteros
798 1657 1011 1740 imperatores
1025 1679 1097 1741 pru-

93 1745 170 1809 dent
171 1744 203 1808 ia
155 1743 337 1828 t,tquan
338 1765 357 1808 o
375 1745 515 1828 populus
533 1743 699 1808 Romanus
719 1748 775 1808 ant
761 1745 889 1809 tecedat
906 1744 1097 1810 fortitudine

94 1837 226 1898 cunctas
256 1832 414 1897 nationes.
458 1854 535 1897 nam
558 1834 847 1916 quotienscumque
870 1854 943 1897 cum
966 1853 1003 1897 eo
1027 1853 1099 1898 eon·
1117 1852 1133 1899 2

93 1940 225 2006 gressus
249 1921 331 1985 est
322 1942 357 1984 m
379 1919 486 2004 Italia,
509 1941 635 2004 semper
653 1920 803 1993 discessit
821 1920 976 2004 superior.
1014 1921 1099 2004 quod

92 2009 157 2073 nisi
189 2008 277 2072 domi
309 2007 428 2073 civium
460 2029 592 2072 suorum
628 2008 749 2074 invidia
781 2009 895 2073 debilit
881 2013 970 2074 tatus
1004 2013 1100 2094 esset,

93 2096 258 2163 Romanos
290 2097 418 2161 videtur
450 2118 603 2197 superare
633 2097 788 2181 potuisse
833 2098 890 2161 sed
922 2060 1100 2162 multoruni

94 2185 291 2253 obtrectatio
314 2185 433 2250 devicit
455 2186 550 2250 unius
573 2184 738 2250 virtutem.

180 2272 244 2338 Hic
263 2277 372 2338 autem
390 2273 480 2338 velut
497 2275 678 2338 hereditate
696 2274 846 2339 relietum
865 2273 975 2337 odium
993 2276 1098 2356 pater·
1117 2293 1133 2339 1

94 2383 171 2428 num
194 2380 273 2446 erga
291 2361 456 2427 Romanos
478 2362 525 2426 sic
548 2362 761 2445 conservavit,
783 2365 822 2425 ut
842 2361 933 2444 prius
957 2360 1099 2424 animam

95 2470 192 2532 quam
214 2448 248 2513 id
271 2449 470 2533 deposuerit,
500 2450 556 2531 qui
579 2450 721 2533 quidem,
750 2459 823 2515 cum
851 2447 959 2531 patria
986 2448 1099 2531 pulsus

95 2539 181 2600 esset
209 2539 242 2599 11
269 2536 447 2600 alienarum
471 2558 569 2619 opum
596 2537 770 2622 indigeret,
798 2557 976 2618 numquam
1004 2535 1099 2600 desti·

95 2625 172 2689 terit
200 2623 307 2688 animo
335 2624 456 2688 bellare
480 2646 552 2688 oum
575 2623 740 2688 Romanis.
785 2645 861 2688 nam
889 2628 925 2688 ut
948 2624 1139 2690 omittam?

94 2712 296 2796 Philippum,
328 2732 424 2794 quem
457 2712 571 2776 absens
603 2711 732 2776 hostem
764 2711 904 2776 reddidit
933 2711 1099 2798 Romanis,

95 2800 240 2864 omnium
267 2799 307 2863 iis
336 2799 536 2883 temporibus
566 2800 813 2883 potentissimus
837 2821 893 2865 rex
916 2799 1099 2866 Antiochus

94 2887 167 2952 fuit.
200 2888 286 2952 hunc
305 2890 399 2952 tanta
416 2887 593 2971 cupiditate
612 2888 755 2953 incendit
772 2887 924 2972 bellandi,
941 2892 979 2951 ut
997 2909 1099 2970 usque

95 2999 115 3040 a
141 2976 239 3040 rubro
268 2975 351 3039 mari
378 2996 469 3040 arma
496 2980 631 3040 conatus
663 2977 707 3041 sit
739 2975 857 3041 inferre
889 2975 1014 3040 Italiae.
1059 2977 1134 3041 ada

96 3084 192 3148 quem
216 3085 288 3129 cum
311 3063 412 3149 legati
435 3064 600 3129 venissent
622 3062 776 3148 Romani,
804 3065 860 3148 qui
888 3065 926 3128 de
955 3064 1023 3128 eius
1047 3086 1100 3129 vo-

94 3152 221 3216 luntate
249 3152 454 3234 explorarent
481 3152 657 3235 darentque
685 3174 816 3236 operam
844 3152 987 3218 consiliis
1016 3152 1100 3216 clan-

95 3240 231 3305 destinis
245 3243 283 3304 ut
296 3238 514 3304 Hannibalem
532 3241 567 3304 in
580 3240 797 3325 suspicionem
811 3241 882 3327 regi
896 3240 1100 3326 adducerent,

95 3332 263 3411 tamquam
286 3328 326 3391 ab
349 3329 429 3412 ipsis
451 3332 622 3412 corruptus
641 3328 705 3393 alia
724 3333 821 3413 atque
841 3332 937 3393 antea
956 3328 1100 3414 sentiret,

94 3437 198 3500 neque
221 3416 255 3481 id
276 3415 399 3482 frustra
421 3415 574 3482 fecissent
592 3417 688 3501 idque
704 3415 870 3482 Hannibal
889 3417 1100 3500 comperisset

95 3526 193 3588 seque
217 3505 258 3569 ab
281 3504 491 3570 interioribus
510 3504 654 3571 consiliis
674 3506 846 3592 segregari
857 3504 1117 3581 risissemus
1132 3517 1148 3528 ³
