2460 3848
131 203 175 268 34
491 203 535 258 rx.
556 203 688 260 conon.
718 211 742 260 1.
757 211 782 262 2.

459 427 462 434 ·
500 387 560 460 IX.
589 386 760 459 OONON.

96 528 114 590 1
220 523 332 590 Conon
350 523 558 588 Atheniensis
578 523 813 608 Peloponnesio
831 524 918 590 bello
938 527 1074 592 accessit
1092 529 1133 592 ad

131 613 394 697 rempublicam,
417 613 576 696 incoque
599 613 668 676 eius
692 633 790 697 opera
812 614 922 698 magni
945 613 1016 679 fuit.
1056 636 1133 680 nam

131 705 164 766 et
195 704 327 785 praetor
357 701 561 785 pedestribus
589 701 783 765 exercitibus
810 701 952 784 praefuit
981 707 1015 767 et
1043 726 1133 787 prae-

131 789 235 855 fectus
259 789 371 854 classis
395 810 530 875 magnas
549 789 631 852 mari
644 809 693 853 res
706 789 817 874 gessit.
853 811 933 873 quas
953 791 994 855 ob
1019 813 1131 857 causas

130 878 320 962 praecipuus
351 877 380 943 ei
411 877 514 942 honos
546 877 678 941 habitus
709 881 767 941 est.
810 899 950 962 namque
983 880 1132 945 omnibus

130 988 213 1031 unus
240 967 354 1031 insulis
382 965 536 1050 praefuit,
563 966 598 1029 in
621 987 684 1048 qua
706 969 869 1048 potestate
892 965 1014 1031 Pheras
1038 968 1132 1052 cepit,

94 1069 112 1118 a
131 1055 291 1119 coloniam
309 1053 645 1118 Lacedaemoniorum.
676 1052 740 1118 fuit
759 1054 859 1118 etiam
878 1058 1021 1119 extremo
1040 1055 1132 1120 Pelo-

129 1143 284 1227 ponnesio
303 1142 388 1207 bello
407 1145 547 1226 praetor,
566 1163 640 1207 cum
658 1141 742 1225 apud
756 1140 865 1228 Aegos
884 1142 1003 1207 flumen
1020 1144 1131 1227 copiae

130 1230 378 1295 Atheniensium
405 1230 445 1294 ab
473 1228 640 1314 Lysandro
673 1235 749 1294 sunt
781 1230 932 1296 devictae.
977 1231 1033 1296 sed
1060 1234 1131 1296 tum

130 1318 222 1402 afuit,
241 1340 342 1401 eoque
356 1318 447 1401 peius
462 1339 513 1382 res
527 1318 754 1383 administrata
768 1322 831 1382 est:
852 1341 930 1383 nam
944 1324 977 1384 et
990 1319 1130 1403 prudens

95 1422 111 1470 3
130 1407 177 1470 rei
195 1407 346 1470 militaris
365 1410 399 1470 et
417 1407 554 1492 diligens
573 1411 644 1470 erat
661 1407 847 1490 imperator.
880 1407 991 1490 itaque
1008 1408 1131 1472 nemini

130 1499 199 1558 erat
221 1495 262 1559 iis
285 1495 486 1577 temporibus
509 1495 656 1578 dubium,
679 1495 707 1559 si
730 1494 888 1578 affuisset,
918 1496 1008 1559 illam
1031 1495 1132 1562 Athe-

129 1583 256 1647 nienses
281 1583 501 1648 calamitatem
524 1587 712 1666 accepturos
734 1603 801 1646 non
822 1581 932 1647 fuisse.

93 1670 115 1735 2
217 1669 326 1736 Rebus
364 1675 473 1735 autem
509 1670 658 1754 afflictis,
699 1693 772 1736 cum
811 1671 952 1754 patriam
989 1672 1131 1736 obsideri

130 1760 281 1843 audisset,
297 1781 364 1824 non
378 1759 547 1845 quaesivit,
565 1760 622 1823 ubi
640 1760 710 1843 ipse
729 1762 802 1823 tuto
822 1759 954 1844 viveret,
972 1759 1028 1824 sed
1045 1760 1129 1824 unde

128 1848 288 1932 praesidio
312 1853 425 1932 posset
448 1869 517 1913 esse
541 1848 665 1912 civibus
689 1848 765 1912 suis.
799 1847 909 1930 itaque
933 1848 1073 1913 contulit
1094 1869 1130 1914 se

129 1937 169 1999 ad
191 1935 444 2020 Pharnabazum,
468 1940 631 2019 satrapem
653 1935 764 2001 Ioniae
788 1940 821 2001 et
839 1934 959 2020 Lydiae
983 1936 1131 2001 eundem·

129 2045 225 2106 quem
252 2045 404 2108 generum
431 2025 517 2110 regis
545 2027 578 2087 et
604 2024 834 2107 propinquum:
862 2025 947 2107 apud
974 2046 1070 2108 quem
1091 2030 1130 2089 ut

129 2112 268 2175 multum
290 2112 397 2197 gratia
419 2112 549 2196 valeret,
572 2112 675 2175 multo
699 2112 809 2176 labore
828 2113 1004 2195 multisque
1023 2112 1129 2177 effecit

93 2200 288 2283 apericulis.
332 2221 408 2264 nam
438 2222 511 2265 cum
533 2199 778 2264 Lacedaemonii
801 2199 1055 2265 Atheniensibus
1078 2201 1129 2265 de·

128 2288 223 2353 victis
242 2289 277 2352 in
295 2289 450 2353 societate
468 2310 534 2353 non
553 2292 728 2372 manerent,
747 2309 844 2370 quam
863 2311 936 2354 cum
949 2288 1128 2354 Artaxerxe

128 2375 280 2463 fecerant,
302 2375 555 2462 Agesilaumque
580 2376 738 2440 bellatum
761 2377 927 2441 misissent
949 2377 984 2441 in
1005 2377 1128 2462 Asiam,

128 2466 266 2530 maxime
289 2465 421 2549 impulsi
444 2488 463 2529 a
484 2464 714 2549 Tissapherne,
743 2465 799 2548 qui
827 2487 866 2530 ex
892 2465 1018 2530 intimis
1040 2466 1127 2550 regis

128 2554 168 2618 ab
184 2554 327 2618 amicitia
341 2554 409 2618 eius
424 2552 584 2624 defecerat
598 2557 631 2616 et
645 2575 718 2617 cum
729 2551 991 2618 Lacedaemoniis
1007 2553 1129 2618 coierat

128 2641 330 2726 societatem,
361 2642 447 2707 hunc
480 2641 630 2706 adversus
658 2640 886 2707 Pharnabazus
917 2642 1049 2707 habitus
1077 2646 1128 2706 est

127 2729 313 2813 imperator,
344 2752 378 2794 re
407 2730 536 2813 quidem
562 2750 639 2793 vera
665 2730 820 2795 exercitui
850 2730 992 2815 praefuit
1015 2729 1129 2796 Conon

91 2832 108 2882 3
128 2817 259 2900 eiusque
278 2819 387 2882 omnia
405 2817 540 2882 arbitrio
559 2822 652 2903 gesta
670 2821 754 2882 sunt.
785 2818 838 2884 hic
857 2819 996 2883 multum
1014 2818 1128 2882 ducem

128 2927 289 2970 summum
307 2906 498 2992 Agesilaum
520 2905 688 2990 impedivit
711 2928 869 2991 saepeque
891 2907 959 2971 eius
984 2906 1126 2971 consiliis

128 2995 271 3080 obstitit,
301 3015 405 3078 neque
432 3017 508 3059 vero
535 3015 601 3058 non
631 2993 695 3058 fuit
727 2999 889 3079 apertum,
921 2995 950 3058 si
979 2995 1035 3058 ille
1061 3015 1128 3059 non

126 3081 255 3167 fuisset,
287 3082 478 3168 Agesilaum
510 3081 623 3147 Asiam
654 3083 760 3147 Tauro
800 3087 893 3148 tenus
926 3082 995 3168 regi
1026 3082 1127 3147 fuisse

90 3175 321 3255 derepturum.
367 3172 421 3254 qui
453 3175 666 3254 posteaquam
697 3170 828 3236 domum
858 3193 878 3235 a
905 3171 972 3235 suis
1002 3170 1127 3236 civibus

126 3264 294 3325 revocatus
323 3263 386 3343 est,
417 3259 502 3342 quod
529 3258 645 3324 Boeoti
672 3263 706 3323 et
728 3259 943 3325 Athenienses
970 3257 1127 3324 Lacedae

126 3348 243 3412 moniis
270 3347 392 3411 bellum
419 3347 613 3432 indixerant,
643 3346 756 3413 Conon
781 3348 884 3412 nihilo
913 3349 1014 3413 setius
1043 3346 1127 3431 apud

123 3435 306 3517 praefectos
339 3436 425 3520 regis
457 3436 649 3500 versabatur
683 3436 788 3519 iisque
821 3437 970 3502 omnibus
1008 3456 1125 3521 magno

110 3526 188 3581 erat
209 3524 291 3587 usui.
