2460 3848
109 156 156 220 54
440 181 515 237 xiv.
534 186 718 244 orrares.
738 195 834 244 e-ro.

109 301 269 408 locomm
299 325 467 409 angustiis
497 330 685 417 clausisset,
717 334 805 417 quod
835 334 942 418 perito
974 333 1145 416 regionum

86 392 305 488 »callideque
335 414 500 498 cogitanti
532 441 628 504 saepe
659 422 841 505 accidebat,
869 421 1145 505 Autophrodates,

112 501 193 549 cum
221 490 352 592 hellum
379 501 456 602 duci
484 507 608 572 maiore
636 510 724 595 regis
752 511 938 575 calamitate
967 531 1064 592 quam
1091 511 1145 574 ad·

113 589 348 650 versariorum
380 591 526 679 aderet,
557 618 671 680 pacem
704 599 946 682 amicitiamque
974 599 1145 679 pristinam

86 677 302 770 ¹instaurans
325 696 397 742 eum
419 679 575 749 hortatus
600 690 667 771 est,
688 692 727 751 ut
750 710 823 752 cum
846 709 922 772 rege
944 687 980 750 in
1002 687 1144 771 gratiam

86 773 95 804 >
115 749 252 857 reduet.
293 783 396 844 quam
413 768 470 834 ille
490 773 555 838 etsi
572 774 673 838 fidam
689 798 757 841 non
773 775 844 840 fore
862 775 1008 859 putabat,
1033 778 1145 840 tamen

115 839 354 953 condicionem
374 859 503 943 accepit
522 883 620 946 seque
641 864 682 928 ad
696 863 910 928 Artaxerxem
927 864 1055 947 legatos
1070 864 1145 928 mis·

117 943 238 997 surum
257 936 353 1006 dms.
392 946 440 1011 sio
462 948 596 1037 bellum,
619 953 706 1036 quod
728 975 784 1018 rex
807 952 959 1017 adversus
981 951 1145 1016 Datamen

119 1032 327 1182 ggflssflperatt,
351 1035 503 1102 sedatum
526 1044 586 1105 est.
621 1041 886 1126 Autophrodates
908 1041 943 1104 in
965 1038 1144 1125 Phrygiam

201 1132 295 1199 ecepr

86 1186 105 1250 9
216 1199 266 1267 At
280 1227 348 1293 rex,
368 1215 457 1296 quod
471 1216 677 1301 implacabile
692 1219 802 1283 odium
815 1219 851 1282 in
863 1217 1026 1282 Datamen
1039 1237 1144 1281 susce

122 1291 231 1388 perth
249 1300 433 1397 postquam
450 1305 538 1370 bello
557 1329 632 1371 eum
650 1307 790 1391 opprimi
808 1327 875 1371 non
892 1328 989 1390 posse
1003 1304 1144 1368 animad-

122 1378 395 1481 Vettltfflnsrdiis
418 1393 601 1461 interficere
625 1395 766 1459 studuit:
790 1416 871 1478 quas
893 1395 950 1460 ille
972 1393 1144 1478 plerasque

87 1466 278 1569 2PV1laylt.
318 1476 414 1567 siout,
438 1483 560 1550 cumei
582 1484 769 1549 nuntiatum
792 1486 878 1547 esset
901 1482 1058 1566 quosdam
1081 1482 1146 1546 sibi

124 1554 383 1664 ms1d1ari,·qui
409 1571 445 1636 in
468 1573 645 1639 amicorum
668 1577 761 1636 erant
782 1592 917 1636 numero
942 1568 994 1657 (de
1018 1570 1145 1655 quibus,

128 1643 219 1723 quod
260 1656 389 1722 mimici
426 1660 626 1745 detulerant,
668 1682 772 1744 neque
813 1659 1005 1725 credendum
1040 1678 1144 1741 neque

128 1733 374 1833 neglegendum
392 1747 545 1836 putavit),
568 1748 706 1833 experiri
724 1748 837 1832 voluit,
854 1769 966 1812 rerum
984 1745 1144 1811 falsumne

95 1818 197 1921 tarbr
227 1835 318 1896 esset
345 1837 494 1903 relatum.
538 1839 649 1921 itaque
673 1859 710 1902 eo
733 1836 898 1921 profectus
926 1839 990 1918 est,
1017 1835 1053 1898 in
1080 1856 1145 1917 quo

129 1912 251 1980 rtmere
279 1919 409 1990 suturas
436 1926 570 1991 insidias
599 1927 754 1990 dixerant.
799 1925 855 1990 sed
882 1924 982 2009 elegit
1010 1945 1145 2006 corpore

132 2018 171 2063 ao
195 2006 328 2076 statura
351 2015 552 2080 simillimum
575 2014 626 2078 sui
648 2015 740 2096 eique
763 2013 920 2078 vestitum
942 2034 1036 2077 suum
1056 2012 1146 2076 dedit

133 2090 237 2172 alque
265 2119 305 2164 eo
332 2102 404 2166 loco
431 2102 493 2186 ire,
525 2124 590 2185 quo
616 2103 686 2185 ipse
714 2104 899 2184 consuerat,
929 2101 1039 2185 iussit;
1075 2101 1144 2183 ipse

135 2182 250 2248 autem
273 2194 391 2255 ornatu
413 2191 598 2274 vestituque
620 2190 757 2254 militari
775 2189 861 2254 inter
879 2189 1024 2272 corporis
1040 2192 1146 2252 custo·

101 2265 194 2335 ades
217 2273 283 2341 iter
310 2277 416 2344 facere
439 2279 555 2362 coepit.
600 2281 636 2342 at
662 2278 882 2362 insidiatores,
908 2281 1083 2360 postquam
1110 2277 1145 2340 in

138 2379 214 2461 0⁰11}
236 2386 326 2446 quera
356 2368 531 2434 insederant
554 2367 664 2431 locum
687 2387 805 2452 agmen
826 2366 987 2450 pervenit,
1018 2365 1145 2448 decepti

138 2447 252 2517 ordme
271 2460 369 2541 atque
388 2456 509 2521 vestitu
530 2455 689 2539 impetum
706 2455 741 2518 in
754 2477 827 2519 eum
842 2454 976 2537 faciunt,
999 2454 1055 2537 qui
1073 2476 1146 2537 sup-

137 2539 266 2621 positus
295 2548 374 2610 erat.
418 2543 624 2628 praedixerat
655 2547 765 2609 autem
796 2543 837 2607 iis
869 2541 1040 2625 Datames,
1072 2563 1146 2606 cum

140 2626 258 2708 quibus
286 2634 350 2697 iter
376 2632 530 2717 faciebat,
561 2637 599 2696 ut
629 2632 737 2716 parati
768 2635 877 2696 essent
908 2630 1027 2714 facere,
1059 2631 1146 2713 quod

105 2731 122 2782 t
139 2714 249 2797 ipsum
262 2721 427 2786 vidissent.
463 2720 542 2805 ipse,
559 2723 597 2784 ut
611 2723 836 2786 concurrentes
855 2719 1061 2784 insidiatores
1080 2719 1146 2783 ani·

140 2826 231 2871 mum
259 2809 411 2894 advertit,
439 2809 505 2874 tela
532 2808 567 2873 in
593 2830 647 2873 eos
676 2809 822 2873 coniecit.
867 2807 929 2872 hoc
959 2807 1044 2870 idem
1072 2828 1146 2872 oum

140 2895 283 2962 universi
296 2897 460 2983 fecissent,
477 2898 666 2980 priusquam
679 2897 884 2981 pervenirent
898 2896 939 2959 ad
957 2916 1031 2959 eum
1049 2917 1144 2978 quem

141 2986 276 3071 aggredi
298 2986 460 3069 volebant,
484 2985 601 3050 confixi
624 2985 841 3050 conciderunt.

91 3071 132 3140 10
229 3073 293 3140 Hic
325 3078 436 3138 tamen
466 3076 536 3138 tam
567 3073 703 3139 callidus
735 3073 786 3138 vir
817 3076 963 3137 extremo
999 3075 1146 3157 tempore

142 3167 257 3247 eaptus
280 3166 331 3228 est
353 3161 564 3246 Mithridatis,
586 3161 816 3227 Ariobarzanis
839 3160 908 3244 filii,
932 3160 1016 3224 dolo.
1058 3182 1147 3224 nam·

143 3272 204 3335 que
230 3253 259 3316 is
290 3250 457 3334 pollicitus
485 3254 536 3315 est
563 3251 632 3336 regi
659 3272 693 3315 se
721 3271 794 3315 eum
826 3247 1086 3332 interfecturum,
1118 3249 1147 3314 si

142 3362 198 3404 rex
220 3340 433 3423 permitteret,
455 3342 494 3403 ut
517 3339 739 3422 quodcumque
759 3337 858 3402 vellet
880 3336 994 3401 liceret
1015 3337 1147 3422 impune

141 3427 260 3514 facere,
286 3428 446 3511 fidemque
475 3426 513 3491 de
536 3448 574 3490 ea
596 3449 631 3491 re
654 3447 743 3491 more
765 3425 938 3490 Persarum
961 3426 1074 3490 dextra
1097 3425 1147 3488 de-

98 3529 122 3575 2
137 3515 246 3581 disset.
292 3516 378 3582 hanc
401 3519 439 3581 ut
461 3514 587 3602 accepit
609 3536 629 3580 a
650 3535 726 3599 rege
749 3513 897 3599 missam,
919 3515 1030 3599 copias
1051 3517 1148 3600 parat
