2460 3848
132 173 151 238 8
407 172 441 226 Π.
465 169 743 226 THEMISTOOLES.
771 177 794 225 1.
813 177 838 226 2.

96 334 113 382 a
133 338 214 400 quae
233 316 429 380 contumelia
447 337 513 380 non
530 315 631 401 fregit
649 337 731 398 eum,
750 314 805 380 sed
824 315 935 379 erexit.
966 336 1041 378 nam
1060 336 1134 380 cum

131 405 306 469 iudicasset
334 403 403 468 sine
431 425 557 468 summa
584 403 744 467 industria
769 424 836 467 non
862 424 957 486 posse
985 425 1056 466 eam
1083 425 1133 467 ex-

134 492 265 578 stingui,
280 495 387 556 totum
401 513 436 556 se
451 491 572 556 dedidit
585 490 633 555 rei
647 490 804 575 publicae,
818 490 1005 577 diligentius
1021 490 1132 555 amicis

132 580 300 663 famaeque
319 580 469 644 serviens.
506 579 645 643 multum
663 579 698 643 in
721 578 847 643 iudiciis
870 579 1006 662 privatis
1029 600 1134 643 versa·

133 669 245 750 batur,
268 688 362 751 saepe
385 667 420 732 in
442 667 627 732 contionem
648 667 761 750 populi
783 666 948 752 prodibat3
970 667 1060 731 nulla
1082 688 1133 730 res

133 757 237 820 maior
264 755 333 820 sine
360 776 398 820 eo
426 755 613 841 gerebatur3
645 755 792 819 celeriter
821 776 902 838 quae
933 776 1014 838 opus
1042 758 1134 818 erant

98 843 328 927 creperiebat,
360 842 454 908 facile
486 843 597 907 eadem
626 842 772 907 oratione
802 843 998 928 explicabat,
1029 863 1134 925 neque

134 931 240 995 minus
263 930 298 995 in
319 931 416 995 rebus
439 930 586 1016 gerendis
607 933 778 1014 promptus
797 951 894 1014 quam
913 930 1133 1016 excogitandis

134 1023 213 1102 erat,
237 1018 322 1101 quod
341 1023 374 1083 ct
392 1019 430 1083 de
442 1017 661 1102 instantibus,
682 1022 720 1082 ut
739 1018 785 1082 ait
803 1017 1015 1102 Thucydides,
1037 1018 1134 1083 veris-

134 1107 215 1171 sime
242 1106 407 1171 iudicabat
433 1110 466 1170 et
493 1106 531 1170 de
559 1105 678 1170 firturis
708 1105 914 1171 callidissime
945 1106 1135 1172 coniciebat.

135 1216 198 1278 quo
221 1193 345 1259 factum
368 1197 418 1257 est
440 1198 478 1257 ut
500 1194 590 1258 brevi
613 1194 1009 1280 temporeillustraretur.

93 1281 116 1345 2
223 1280 351 1346 Primus
375 1285 484 1347 autem
506 1281 625 1368 gradus
646 1281 711 1346 fuit
734 1284 947 1366 capessendae
965 1282 1012 1348 rei
1030 1282 1135 1367 publi·

135 1391 190 1434 cae
222 1369 309 1433 bello
337 1366 531 1453 Corcyraeo:
567 1371 606 1433 cd
637 1370 722 1453 quod
753 1371 928 1455 gerendum
957 1375 1088 1456 praetor
1115 1391 1134 1433 a

134 1458 254 1542 populo
277 1456 384 1522 factus
411 1479 478 1522 non·
503 1458 608 1522 solum
635 1457 798 1541 praesenti
824 1459 924 1542 bello,
952 1459 1008 1523 sed
1035 1458 1134 1524 etiam

99 1546 260 1628 areliquo
289 1549 434 1629 tempore
462 1545 653 1612 ferociorem
679 1545 817 1610 reddidit
840 1546 1014 1611 civitatem.
1058 1567 1135 1610 nam

136 1656 209 1698 cum
235 1633 371 1717 pecunia
398 1634 541 1718 publica,
569 1655 650 1717 quae
678 1655 717 1698 ex
744 1635 884 1699 metallis
907 1633 1047 1717 redibat,
1074 1633 1134 1696 lar-

135 1722 258 1808 gitione
273 1722 523 1808 magistratuum
537 1722 711 1806 quotannis
729 1722 886 1807 interiret,
903 1722 959 1786 ille
972 1721 1136 1805 persuasit

134 1811 255 1894 populo
279 1814 316 1874 ut
339 1832 376 1874 ea
399 1810 535 1893 pecunia
558 1811 671 1876 classis
695 1815 824 1875 centum
840 1810 973 1875 navium
991 1809 1135 1874 aedifica·

100 1913 116 1959 3
135 1902 233 1962 retur.
265 1919 330 1980 qua
348 1897 496 1962 celeriter
513 1897 627 1963 effecta
648 1898 790 1981 primum
808 1897 1004 1983 Corcyraeos
1027 1897 1136 1983 fregit,

135 1984 249 2049 deinde
272 1983 453 2047 maritimos
480 1985 657 2067 praedones
680 1986 893 2050 consectando
916 2007 1004 2049 marc
1027 1989 1136 2049 tutum

136 2071 283 2136 reddidit.
317 2071 433 2154 inquo
452 2092 525 2135 cum
544 2071 665 2136 divitiis
684 2072 819 2155 ornavit,
843 2076 914 2136 tum
932 2072 1032 2135 etiam
1054 2073 1136 2155 peri-

101 2174 117 2221 4
136 2160 281 2224 tissimos
292 2158 371 2223 belli
381 2159 505 2223 navalis
517 2158 595 2223 fecit
604 2158 827 2224 Athenienses.
845 2159 878 2223 id
888 2163 1026 2243 quantae
1037 2159 1135 2223 saluti

136 2247 235 2312 fuerit
257 2246 424 2311 universae
444 2244 606 2332 Graeciae,
629 2247 714 2312 bello
738 2247 905 2333 cognitum
927 2251 978 2312 est
995 2246 1135 2312 Persico.

136 2358 212 2401 nam
230 2357 304 2401 cum
322 2333 443 2399 Xerxes
462 2338 495 2398 et
514 2335 596 2399 mari
614 2339 648 2399 et
666 2339 753 2400 terra
769 2335 891 2401 bellum
904 2335 1071 2400 universae
1089 2336 1136 2400 in-

136 2424 237 2488 ferret
254 2423 414 2507 Europae,
432 2444 505 2488 cum
528 2423 628 2487 tantis
648 2423 749 2507 copiis
767 2444 835 2489 eum
853 2425 975 2509 invasit,
997 2428 1136 2507 quantas

102 2526 241 2595 tneque
265 2516 339 2576 ante
361 2533 420 2576 nec
441 2515 556 2595 postea
578 2511 694 2575 habuit
716 2511 900 2595 quisquam:
930 2511 1135 2577 huius-enim

139 2600 251 2665 classis
281 2599 370 2664 mille
399 2604 433 2664 et
464 2599 673 2664 ducentarum
701 2600 832 2664 navium
863 2601 1034 2686 longarum
1065 2600 1137 2683 fuit,

139 2708 236 2771 quam
262 2687 325 2750 duo
353 2687 443 2751 milia
470 2687 689 2752 onerariarum
716 2689 945 2773 sequebantur,
972 2689 1136 2753 terrestris

139 2778 248 2839 autem
262 2774 421 2839 exercitus
436 2776 641 2862 septingenta
656 2775 810 2860 peditum,
827 2777 973 2860 equitum
989 2777 1137 2860 quadrin-

104 2879 120 2928 o
163 2866 238 2927 enta
259 2862 350 2926 milia
371 2861 510 2927 fuerunt.
560 2864 650 2928 cuius
673 2863 712 2927 de
735 2864 874 2929 adventu
897 2887 970 2930 cum
991 2864 1079 2928 fama
1102 2864 1137 2927 in

140 2885 309 3023 brucciam
336 2954 422 3014 esset
449 2951 575 3033 perlata
602 2956 635 3015 et
662 2952 800 3015 maxime
827 2952 1041 3017 Athenienses
1068 2952 1137 3035 peti

139 3039 322 3103 dicerentur
352 3042 487 3121 propter
517 3060 660 3124 pugnam
691 3037 947 3123 Marathoniam,
980 3039 1138 3104 miserunt

139 3125 285 3210 Delphos
313 3127 510 3210 consultum,
540 3127 693 3210 quidnam
714 3125 858 3191 facerent
880 3128 918 3191 de
941 3127 1038 3191 rebus
1062 3127 1137 3191 suis.

140 3213 393 3278 deliberantibus
416 3212 536 3297 Pythia
558 3213 737 3299 respondit,
765 3219 803 3279 ut
830 3214 998 3279 moenibus
1020 3214 1137 3300 ligneis

105 3318 176 3366 sse
199 3301 370 3366 munirent.
415 3301 448 3365 id
475 3322 666 3385 responsum
689 3323 752 3384 quo
775 3301 898 3366 valeret
921 3324 994 3367 cum
1016 3302 1139 3368 intelle-

141 3392 232 3475 geret
263 3410 377 3474 nemo,
408 3387 641 3454 Themistocles
672 3389 835 3473 persuasit
867 3389 1038 3454 consilium
1069 3413 1138 3455 esse

136 3476 312 3558 Apollinis,
330 3481 369 3541 ut
386 3476 421 3540 in
437 3498 536 3541 naves
555 3498 589 3541 se
608 3497 729 3560 suaque
747 3476 942 3542 conferrent:
966 3500 1039 3543 eum
1053 3479 1138 3542 enim
