2460 3848
155 205 197 269 62
444 203 503 259 XV.
522 201 792 259 EPAMINONDAS.
821 209 855 256 10

119 367 135 415 3
155 353 329 434 superstes,
352 348 408 413 sed
431 349 530 412 etiam
553 349 748 413 immortalis
771 348 815 412 sit
837 368 966 412 necesse
990 346 1060 411 est?
1096 369 1161 431 quo

153 443 298 521 tempore
327 437 406 502 duee
429 436 586 520 Pelopida
613 437 721 502 exules
744 436 872 501 Thebas
900 440 1099 520 occuparunt
1126 440 1161 499 et

152 526 349 610 praesidium
362 524 691 590 Lacedaemoniorum
706 547 744 588 ex
765 546 837 589 areo
856 524 1057 608 expulerunt,
1075 523 1160 608 Epa-

153 614 332 698 minondas,
356 614 509 697 quamdiu
531 612 620 678 faeta
642 617 693 677 est
716 613 828 678 caedes
852 613 979 696 civium,
1005 613 1101 677 domo
1125 635 1159 678 se

153 703 272 786 tenuit,
305 702 391 785 quod
421 723 526 785 neque
559 701 727 766 defendere
760 701 863 765 malos
894 701 1023 765 volebat
1054 723 1159 785 neque

153 793 358 877 impugnare,
389 811 429 855 ne
459 812 574 854 manus
606 812 738 854 suorum
771 789 927 875 sanguine
961 794 1159 854 cruentaret:

151 901 290 964 namque
315 900 444 943 omnem
467 878 595 943 civilem
621 879 792 942 victoriam
819 877 982 942 funestam
1011 879 1159 962 putabat.

152 968 251 1051 idem,
277 970 453 1068 postquam
481 966 578 1067 apud·
593 964 767 1068 Cadmeam
795 989 868 1068 cum
895 965 1159 1033 Lacedaemoniis

117 1059 607 1207 rpugnhriiiiediudridilbii
625 1059 866 1226 qrfflestseaqts
889 1143 952 1207 aa
975 1144 1106 1227 aarum,
1130 1145 1159 1210 si

151 1233 213 1296 hoc
236 1253 337 1296 unum
360 1230 544 1315 adiunxero,
567 1230 654 1314 quod
675 1253 770 1296 nemo
793 1231 857 1295 ibit
874 1231 1006 1316 infitias,
1028 1231 1158 1297 Thebas

152 1324 186 1384 et
209 1324 284 1384 ante
307 1317 567 1402 Epaminondam
588 1323 702 1383 natum
726 1323 760 1383 et
781 1323 858 1403 post
881 1320 1025 1385 eiusdem
1047 1321 1158 1385 interi-

151 1411 223 1471 tum
236 1411 392 1492 perpetuo
407 1407 512 1471 alieno
526 1407 672 1491 paruisse
691 1407 838 1492 imperio,
854 1412 969 1472 contra
982 1431 1029 1493 ea,
1048 1430 1158 1492 quam·

152 1496 207 1560 diu
233 1495 288 1560 ille
315 1494 493 1579 praefuerit
519 1496 566 1559 rei
593 1496 757 1580 publicae,
789 1500 887 1581 caput
918 1495 1020 1561 fuisse
1053 1498 1158 1563 totius

153 1581 315 1649 Graeciae.
361 1607 399 1649 ex
432 1606 495 1668 quo
527 1584 676 1669 intellegi
707 1588 818 1668 potest
854 1607 955 1649 unum
990 1586 1158 1652 hominem

151 1672 253 1756 pluris
277 1695 374 1757 quam
397 1672 563 1738 civitatem
585 1671 695 1738 fuisse.

460 1975 553 2047 XVI.
581 1974 852 2048 PELOPIDAS.

119 2113 135 2176 l
240 2110 411 2195 Pelopidas
426 2111 608 2196 Thebanus,
631 2113 735 2197 magis
754 2113 920 2177 historicis
939 2135 1037 2197 quarn
1057 2115 1156 2199 vulgo

151 2204 257 2265 notus.
303 2200 394 2264 euius
422 2199 460 2264 de
488 2200 664 2265 virtutibus
692 2200 807 2265 dubito
834 2223 932 2284 quem
958 2202 998 2266 ad
1025 2202 1158 2266 modum

152 2309 324 2373 exponam,
352 2287 438 2372 quod
459 2308 585 2372 vereor,
613 2289 641 2352 si
664 2310 715 2353 res
739 2289 899 2372 explicare
922 2290 1089 2374 incipiam,
1114 2312 1156 2355 ne

151 2400 218 2442 non
230 2378 333 2442 vitam
347 2377 416 2441 eius
436 2398 594 2461 enarrare,
617 2376 673 2441 sed
689 2377 863 2442 historiam
877 2378 987 2443 videar
1007 2378 1157 2465 seribere,

153 2467 204 2531 sin
231 2465 457 2531 tantummodo
485 2487 627 2529 summas
655 2466 811 2552 attigero,
837 2488 878 2530 ne
901 2467 1035 2532 rudibus
1060 2466 1158 2532 Grac

152 2576 262 2619 aarum
293 2554 479 2618 litterarum
508 2553 614 2618 minus
647 2553 784 2618 dilucide
815 2559 983 2639 appareat,
1002 2561 1157 2639 ,quantus

151 2642 250 2706 fuerit
273 2641 327 2705 ille
350 2643 408 2706 vir.
441 2643 552 2726 itaque
575 2643 706 2727 utrique
729 2642 777 2706 rei
800 2664 976 2728 occurram,
999 2648 1158 2727 quantum

151 2733 302 2815 potuero,
334 2734 368 2794 et
395 2730 548 2795 medebor
576 2752 649 2795 eum
677 2731 822 2795 satietati
852 2737 923 2795 tum
953 2732 1157 2816 ignorantiae

154 2819 321 2882 lectorum.

117 2923 134 2970 a
241 2904 423 2970 Phoebidas
450 2905 723 2971 Lacedaemonius
756 2929 829 2972 oum
857 2909 1033 2972 exercitum
1061 2908 1159 2993 Olyn-

153 2995 246 3059 thum
270 2994 400 3058 ducoret
422 2995 548 3078 iterque
570 3017 629 3079 per
651 2995 779 3059 Thebas
805 2995 940 3081 faceret,
969 3017 1076 3061 arcem
1103 3019 1159 3082 op·

152 3083 239 3167 pidi,
275 3104 357 3166 quac
393 3080 533 3147 Cadmea
568 3084 772 3168 nominatur,
809 3085 979 3166 occupavit
1014 3085 1158 3170 impulsu

152 3192 329 3256 paucorum
352 3168 595 3255 Thebanorum,
623 3173 678 3255 qui
706 3172 906 3236 adversariae
934 3172 1070 3237 factioni
1093 3196 1157 3258 quo

152 3259 280 3323 facilius
304 3258 507 3343 resisterent,
535 3259 701 3324 Laconum
723 3261 820 3324 rebus
843 3260 1032 3345 studebant,
1061 3262 1158 3345 idque

118 3363 134 3410 3
154 3368 213 3411 suo
230 3349 368 3431 privato,
390 3369 456 3412 non
473 3348 604 3431 publico
623 3348 701 3413 fecit
720 3349 864 3413 consilio.
898 3369 962 3431 quo
981 3348 1069 3414 facto
1084 3372 1159 3414 eum

153 3433 399 3500 Lacedaemonii
418 3436 459 3500 ab
479 3436 622 3500 exercitu
640 3440 847 3502 removerunt
864 3438 1063 3521 pecuniaque
1078 3439 1159 3503 mul·

139 3524 267 3603 terami,
296 3545 407 3608 neque
430 3545 469 3590 eo
493 3525 600 3613 magis
624 3547 733 3591 arcem
752 3522 917 3589 Thebanis
943 3525 1160 3610 reddiderunt,
