2460 3848
364 217 398 270 11.
418 215 698 272 THEMISTOCLES.
726 221 820 271 8-10.
1052 216 1093 280 13

92 381 206 424 narem
230 360 336 424 tenuit
358 360 393 424 in
415 361 541 425 ancoris
560 383 663 444 neque
683 383 877 445 quemquam
896 383 934 424 ex
953 383 991 426 ea
1009 361 1095 425 exire

91 470 207 532 passus
231 452 289 512 est.
328 448 401 512 inde
424 447 592 532 Ephesum
614 449 761 533 pervenit
783 450 892 534 ibique
915 448 1095 515 Themisto·

93 536 176 602 clem
204 537 343 619 exponit.
394 537 445 601 cui
477 537 532 600 ille
561 558 621 621 pro
652 537 776 601 meritis
808 541 923 621 postea
954 537 1095 623 gratiam

91 624 229 689 rettulit.

183 711 256 777 Scio
275 712 446 796 plerosque
464 712 512 776 ita
530 713 708 798 scripsisse,
725 713 977 779 Themistoclem
990 713 1095 778 Xerxe
1113 716 1133 780 9

93 803 249 885 regnante
267 800 303 864 in
316 800 430 865 Asiam
448 801 613 865 transisse.
647 801 703 866 sed
716 822 776 887 ego
790 802 998 886 potissimum
1011 802 1096 866 Thu·

94 888 200 972 cydidi
224 888 328 973 credo,
351 889 436 972 quod
458 892 615 954 11111111
637 889 803 973 proximus
823 890 929 974 (11111,
953 890 1008 973 qui
1025 890 1095 955 illo

94 999 166 1042 rum
185 981 368 1060 temporum
385 977 558 1041 historiam
575 977 786 1062 reliquerunt,
809 982 843 1042 11
861 977 1003 1042 eiusdem
1022 978 1096 1043 civi-

94 1065 173 1129 tatis
200 1065 273 1129 fuit.
318 1065 347 1129 is
375 1069 484 1129 autem
512 1065 559 1129 ait
588 1067 628 1130 ad
651 1064 852 1131 Artaxerxen
875 1087 948 1130 eum
970 1066 1096 1130 venisse

94 1158 192 1236 atquc
210 1153 262 1217 his
281 1152 389 1219 verbis
408 1153 580 1236 epistulam
595 1153 736 1218 misisse:
759 1153 1009 1219 ‘Themistocles
1023 1154 1131 1222 venia

94 1242 135 1306 ad
157 1246 200 1326 te,
223 1241 279 1324 qui
297 1242 437 1324 plurima
455 1243 540 1306 mala
559 1242 703 1306 omnium
722 1241 894 1306 Graiorum
912 1242 947 1306 in
965 1242 1096 1307 domum

94 1335 186 1394 tuam
221 1329 332 1413 intuli,
370 1330 522 1412 quamdiu
556 1330 636 1394 mihi
667 1351 798 1395 necesse
832 1330 895 1394 fuit
927 1331 1096 1395 adversum

94 1423 222 1501 patrem
236 1421 329 1481 tuum
341 1418 462 1481 bellare
475 1418 679 1502 patriamque
693 1440 798 1484 meam
812 1418 989 1483 defendere.
1011 1418 1097 1483 idem
1115 1438 1131 1487 3

95 1506 199 1569 multo
222 1504 316 1588 plura
338 1506 424 1570 bona
446 1505 522 1590 feci,
544 1510 718 1590 postquam
740 1507 777 1571 in
797 1511 870 1571 tuto
894 1507 963 1590 ipsc
986 1511 1020 1571 et
1041 1507 1097 1570 ille

95 1594 130 1657 11
156 1593 299 1676 periculo
330 1614 400 1658 esse
428 1595 543 1677 coepit.
587 1616 663 1658 nam
686 1616 759 1659 cum
786 1595 821 1659 in
843 1594 956 1659 Asiam
979 1595 1097 1659 reverti

95 1682 193 1746 vellet
215 1681 339 1765 proelio
364 1682 448 1764 apud
472 1680 636 1745 Salamina
662 1682 764 1767 facto,
793 1683 914 1746 litteris
938 1703 1010 1745 eum
1034 1704 1098 1747 cer-

95 1770 213 1835 tiorem
235 1769 298 1833 feci
324 1768 357 1832 id
381 1770 433 1853 agi
455 1772 494 1832 ut
515 1790 613 1853 pons,
641 1791 736 1852 quem
763 1769 798 1832 in
819 1768 1032 1852 Hellesponto
1054 1770 1098 1834 fe-

96 1861 198 1941 cerat,
230 1857 460 1921 dissolveretur
486 1860 584 1938 atque
611 1856 652 1920 ab
684 1857 834 1921 hostibus
862 1857 1098 1923 circumiretur:

97 1967 161 2028 quo
188 1945 303 2009 nuntio
331 1944 386 2007 ille
412 1943 557 2028 periculo
585 1949 635 2009 est
666 1945 832 2010 liberatus.
877 1967 961 2010 nunc
989 1952 1132 2014 auteml

97 2033 227 2119 confugi
246 2033 287 2098 ad
305 2036 338 2096 te
352 2033 535 2118 exagitatus
550 2054 570 2096 a
584 2037 699 2098 cuncta
713 2032 857 2118 Graecia,
875 2038 965 2098 tuam
983 2040 1097 2118 petens

97 2122 289 2186 amicitiam:
313 2141 409 2204 quam
429 2121 457 2185 si
475 2143 530 2186 ero
545 2121 690 2207 adeptus,
707 2143 773 2186 non
787 2123 894 2186 minus
908 2142 959 2186 me
975 2124 1097 2188 bonum

97 2211 236 2276 amicum
259 2209 404 2293 habebis,
427 2231 524 2292 quam
546 2209 665 2273 fortem
686 2210 853 2274 inimicum
871 2210 926 2274 ille
946 2216 1096 2294 expertus

98 2304 156 2362 est.
188 2303 221 2362 te
241 2301 349 2362 autem
368 2318 457 2383 rogo,
480 2301 517 2362 ut
536 2298 574 2361 dc
592 2298 633 2360 iis
652 2298 758 2380 rebus,
777 2319 856 2381 quas
875 2302 982 2363 tecum
1001 2300 1097 2363 collo-

98 2387 153 2469 qui
180 2387 267 2470 volo,
295 2407 436 2450 annuum
464 2385 544 2449 mihi
572 2389 699 2469 tempus
727 2386 783 2450 des
806 2406 908 2468 eoque
931 2388 1096 2452 transacto

98 2474 139 2538 ad
161 2479 194 2538 11
217 2474 325 2538 venire
347 2471 504 2557 patiaris?

147 2642 149 2645 Ι
184 2560 290 2625 Huius
308 2582 365 2624 rex
383 2561 482 2625 animi
501 2561 755 2647 magnitudinem
773 2561 935 2625 admirans
955 2563 1098 2646 cupiens·
1110 2565 1150 2629 10

98 2671 159 2732 que
191 2649 291 2712 talem
320 2649 426 2713 virum
458 2649 521 2713 sibi
551 2649 716 2714 conciliari
743 2649 870 2712 veniam
902 2649 997 2714 dedit.
1042 2651 1097 2716 ille

99 2757 192 2800 omne
210 2736 291 2800 illud
309 2739 437 2819 tempus
456 2736 576 2800 litteris
591 2736 794 2819 sermonique
808 2735 979 2801 Persarum
996 2738 1098 2803 dedit:

98 2825 215 2908 quibus
235 2823 314 2887 adeo
334 2825 477 2888 eruditus
496 2827 555 2908 est,
576 2829 615 2889 ut
632 2825 736 2888 multo
755 2825 953 2889 commodius
972 2826 1098 2892 dicatur

97 2911 1097 3066 111111111111111111181111111111111
1115 3018 1132 3068 2

98 3088 182 3153 citus
206 3089 491 3174 gratissimumque
514 3088 603 3171 illud,
626 3089 654 3152 si
676 3089 742 3152 suis
760 3088 809 3152 uti
829 3021 972 3153 clinsiliis
991 3025 1098 3176 1111111,

97 3176 189 3240 illum
210 3176 378 3242 Graeciam
396 3177 482 3240 bello
502 3197 738 3260 oppressurum,
761 3178 886 3262 magnis
910 3177 1096 3243 muneribus

98 3265 139 3328 ab
164 3264 342 3329 Artaxerxe
365 3266 503 3329 donatus
525 3265 561 3328 in
580 3264 694 3329 Asiam
716 3264 812 3328 rediit
835 3265 1097 3350 domiciliumque

97 3351 283 3437 Magnesiae
307 3354 369 3417 sibi
389 3352 568 3417 constituit.
602 3374 741 3436 namque
759 3352 842 3417 hanc
860 3354 974 3417 urbem
993 3353 1022 3417 ei
1040 3376 1097 3419 rex
1115 3371 1130 3420 3

97 3441 243 3524 donarat,
264 3441 315 3506 his
340 3442 468 3524 quidem
490 3441 611 3526 verbis,
633 3462 715 3526 quae
738 3441 772 3505 ei
790 3463 918 3523 panem
933 3441 1124 3522 1111111111

98 3526 150 3612 (11
174 3551 235 3612 qua
257 3529 389 3618 regione
413 3529 652 3623 quinquagena
676 3530 816 3598 talenta
840 3520 1036 3608 1111111111
1057 3511 1151 3571 ceux·
