2460 3848
536 39 568 62 ,.
588 40 633 86 b,

387 222 460 280 XVI.
478 223 685 280 PELOPIDAS.
715 232 791 282 1-3.
1050 227 1092 291 63

88 368 174 452 quod
197 369 357 452 susceptis
376 368 556 432 inimicitiis
576 371 679 434 satius
697 370 858 435 ducebant
877 392 932 435 eos
952 371 1092 437 obsideri

88 478 186 540 quam
208 457 348 520 liberari.
382 479 459 521 nam
476 460 553 541 post
566 457 838 541 Peloponnesium
856 460 979 524 bellum
992 459 1093 525 Athe-

86 566 210 628 nasque
238 544 380 610 devictas
408 567 481 610 cum
508 545 671 610 Thebanis
699 548 762 622 sibi
790 570 858 611 rem
886 569 956 612 esse
985 549 1092 611 existi-

87 635 222 697 mabant
253 637 287 698 et
313 654 368 697 cos
401 655 470 698 esse
504 634 605 718 solos,
637 635 693 718 qui
725 636 877 702 adversus
910 657 944 701 se
977 635 1090 700 sistere

88 722 251 786 auderent.
294 722 357 787 hac
379 727 486 786 mente
510 723 623 787 amicis
647 724 714 787 suis
738 746 880 788 summas
910 728 1090 807 potestates
1110 744 1127 791 4

88 810 241 874 dederant
263 810 460 893 alteriusque
483 810 635 875 factionis
658 811 820 895 principes
843 813 965 896 partim
993 813 1091 876 inter—

87 898 244 984 fecerant,
267 899 348 963 ahos
375 899 410 962 in
437 899 569 963 exilium
596 899 770 964 eiecerunt:
802 901 837 964 in
860 901 976 984 quibus
999 901 1091 966 Pelo·

86 987 181 1140 pidals,
198 987 260 1071 ln’c,
283 988 321 1051 de
341 1008 404 1070 quo
425 987 564 1052 scribere
584 989 691 1052 exorsi
709 1010 829 1072 sumus,
851 989 965 1072 pulsus
984 989 1091 1071 patria

87 1097 159 1140 care
183 1080 226 1140 at.

173 1163 219 1228 Hi
242 1164 353 1228 onmes
376 1163 443 1227 fere
466 1162 612 1229 Athenas
636 1186 670 1229 se
694 1166 915 1250 contulerant,
937 1186 1003 1230 non
1026 1175 1131 1248 quo?

87 1256 297 1336 sequerentur
324 1252 441 1338 otium,
468 1254 525 1316 sed
551 1257 602 1337 ut,
630 1275 726 1337 quern
750 1275 789 1317 ex
811 1255 959 1337 proximo
982 1255 1089 1318 locum

85 1340 154 1405 fors
173 1340 356 1424 obtulisset,
379 1361 417 1405 eo
440 1341 582 1424 patriam
599 1362 788 1426 recuperare
806 1343 997 1407 niterentur.
1031 1342 1090 1405 ita·
1109 1367 1124 1415 2

87 1450 149 1511 qus
165 1450 238 1493 cum
252 1431 380 1513 tempus
395 1433 481 1493 esset
494 1430 600 1493 visum
619 1430 665 1493 rei
684 1431 851 1515 gerendae,
875 1431 1089 1495 communiter

87 1539 160 1581 cum
183 1517 233 1600 iis,
256 1518 312 1599 qui
329 1517 449 1581 Thebis
472 1518 557 1580 idem
577 1518 770 1602 sentiebant,
792 1519 878 1582 diem
901 1520 1089 1604 delegerunt

87 1606 125 1669 ad
140 1605 289 1669 inimicos
304 1605 530 1689 opprimendos
546 1606 774 1688 civitatemque
788 1605 990 1670 liberandam
1006 1629 1088 1691 eum,

20 1749 21 1753 ,
86 1715 150 1777 quo
187 1694 320 1757 maximi
356 1693 567 1778 magistratus
600 1693 697 1757 simul
730 1699 923 1757 consuerant
955 1695 1088 1777 epulari.

34 1817 38 1822 ’
86 1780 947 1953 tlsstttttJttttmsttttt⁸tsstt⁸ttt
968 1786 1122 1934 {dtr

86 1978 163 2041 opes
195 1960 272 2021 sunt
302 1957 503 2042 profligatae.
547 1979 623 2020 nam
655 1957 823 2022 duodecim
855 1958 1088 2022 adulescentuli

86 2047 232 2111 coienmt
255 2067 294 2110 ex
315 2045 366 2129 iis,
389 2046 445 2128 qui
468 2045 564 2109 exilio
588 2049 681 2109 erant
700 2046 840 2130 multati,
863 2068 937 2112 cum
956 2047 1086 2112 omnino

84 2157 150 2200 non
182 2137 290 2199 essent
321 2135 460 2218 amplius
493 2138 635 2218 centum,
668 2135 724 2218 qui
750 2138 844 2199 tanto
872 2157 906 2199 se
935 2135 1087 2200 offerrent

83 2224 236 2308 periculo.
272 2245 336 2307 qua
348 2223 513 2307 paucitate
531 2223 680 2307 perculsa
694 2226 744 2288 est
757 2223 1087 2288 Lacedaemoniorum

83 2313 239 2397 potentia.
284 2312 308 2375 ii
336 2313 422 2376 enim
448 2333 514 2376 non
543 2312 648 2398 magis
671 2311 929 2377 adversariorum
951 2311 1121 2390 factioni4

85 2421 182 2483 quam
210 2397 379 2483 Spartanis
407 2422 445 2464 eo
473 2404 619 2483 tempore
650 2399 772 2462 bellum
803 2400 998 2482 intulertmt,
1031 2400 1086 2481 qui

84 2487 245 2571 principes
269 2493 361 2552 erant
384 2487 486 2551 totius
511 2486 677 2552 Graeciae:
706 2508 843 2570 quorum
871 2486 999 2569 imperii
1021 2508 1086 2550 ma-

84 2577 193 2658 iestas
216 2596 319 2656 neque
341 2575 390 2638 ita
413 2575 517 2638 multo
539 2578 626 2658 post,
648 2573 818 2638 Leuctrica
836 2595 946 2659 pugna
964 2576 1005 2638 ab
1024 2574 1086 2639 hoc

84 2663 178 2727 initio
201 2663 350 2746 perculsa
372 2663 521 2727 concidit.
553 2663 602 2726 illi
624 2662 726 2748 igitur
748 2662 925 2746 duodecim,
949 2685 1121 2747 quorum5

85 2753 148 2816 dux
171 2754 242 2814 erat
259 2749 440 2834 Pelopidas,
464 2752 564 2832 [cum]
584 2750 723 2814 Athenis
741 2750 883 2815 interdiu
908 2752 1086 2836 [exissent],

84 2843 122 2905 ut
144 2843 387 2922 vesperascente
406 2838 494 2903 caelo
509 2838 638 2902 Thebas
660 2843 795 2922 possent
816 2840 993 2924 pervenire,
1013 2863 1086 2905 cum

85 2928 218 2993 canibus
227 2927 384 2991 venaticis
394 2928 551 3010 exienmt,
564 2927 647 2990 retia
660 2927 810 3011 ferentes,
823 2929 945 2992 vestitu
955 2929 1087 3014 agresti,

85 3038 148 3101 quo
177 3016 300 3081 minore
327 3016 509 3100 suspicione
536 3015 681 3080 facerent
707 3017 778 3080 iter.
824 3017 880 3099 qui
908 3039 981 3081 cum
1008 3020 1086 3079 tem·

83 3126 161 3189 pore
184 3105 265 3188 ipso,
288 3126 351 3188 quo
376 3104 576 3187 studuerant,
597 3103 828 3188 pervenissent,
851 3105 983 3169 domum
1006 3103 1087 3169 Cha-

83 3193 171 3258 ronis
195 3193 410 3277 deverterunt,
434 3214 453 3256 a
472 3213 535 3275 quo
555 3195 588 3256 et
606 3196 735 3275 tempus
755 3197 788 3256 et
806 3192 873 3256 dies
893 3197 963 3256 erat
981 3192 1085 3256 datus.

171 3279 243 3346 Hoc
266 3281 338 3346 loco
361 3282 443 3346 libet
465 3282 680 3364 interponere,
704 3280 767 3345 etsi
791 3282 973 3345 seiunctum
991 3281 1031 3343 ab
1051 3302 1085 3343 re
1104 3297 1124 3361 3

81 3369 251 3455 proposita
274 3374 332 3454 est,
354 3371 455 3434 nimia
478 3369 596 3433 fiducia
619 3373 759 3453 quantae
783 3369 964 3434 calamitati
982 3369 1086 3432 soleat

81 3481 160 3525 esse.
194 3481 271 3522 nam
289 3460 540 3545 magistratuum
554 3457 781 3522 Thebanorum
801 3458 918 3521 statim
933 3457 981 3519 ad
993 3479 1097 3546 auxes

79 3547 229 3632 pervenit
252 3548 360 3614 exules
383 3548 419 3614 in
440 3547 560 3614 urbem
575 3547 721 3614 uenisse.
751 3546 796 3609 'ib
810 3545 873 3607 *nh
889 3543 976 3602 s'xno
998 3535 1125 3612 sum*
