2460 3848
139 207 182 269 46
481 205 541 260 XII.
562 203 748 260 GHABRIAS.
775 211 801 261 A.

140 349 335 414 auctoritate
359 350 514 433 anteibat,
537 371 675 433 eumque
697 349 802 435 magis
826 348 947 413 milites
971 369 1069 431 quam
1088 348 1145 432 qui

104 442 324 522 apraeerant
338 438 566 522 suspiciebant
616 459 697 521 quac
724 459 776 502 res
804 437 835 502 ei
861 437 1039 501 maturavit
1060 458 1145 501 mor-

139 530 214 590 tem
253 549 329 591 nam
352 526 428 591 dum
450 527 574 610 primus
598 526 707 590 studet
728 530 861 610 portum
883 527 1005 590 intrare
1029 525 1144 610 guber·

138 619 349 698 natoremque
376 616 468 679 iubet
491 636 528 680 eo
556 615 701 699 derigere
727 636 856 699 navem,
885 614 955 698 ipse
983 613 1046 678 sibi
1073 636 1143 698 pcr-

137 703 233 768 nicici
251 702 328 767 luit:
352 725 425 768 cum
444 704 529 768 enim
548 725 585 769 eo
603 706 815 786 penetrasset,
839 707 964 768 ceterae
981 724 1048 767 non
1066 707 1145 767 sunt

139 794 277 856 secutae.
309 813 372 874 quo
390 791 478 857 facto
499 791 710 857 circumfusus
729 790 874 856 bostium
892 812 1050 856 concursu
1068 812 1142 856 cum

137 877 315 945 fortissime
329 885 499 966 pugnaret,
511 881 603 945 navis
617 883 724 944 rostro
738 900 892 964 percussa
906 881 1014 963 coepit
1028 880 1141 946 sidera

103 967 212 1034 chine
239 967 387 1054 refugere
415 991 488 1034 cum
514 972 639 1052 posset,
667 968 695 1032 si
724 989 757 1032 se
784 968 819 1033 in
845 989 935 1032 mare
962 968 1142 1055 deiecisset,

138 1056 223 1138 quod
255 1057 386 1121 suberat
418 1057 531 1122 classis
563 1055 827 1140 Atheniensium,
864 1077 946 1139 quae
978 1056 1141 1141 exciperet

136 1147 301 1228 natantes,
329 1144 441 1228 perire,
462 1145 579 1209 maluit
606 1166 704 1227 quam
731 1145 830 1209 armis
860 1144 995 1210 abiectis
1022 1167 1140 1211 navem

136 1233 326 1317 relinquere,
348 1233 383 1297 in
407 1255 470 1316 qua
492 1233 600 1298 fuerat
622 1237 743 1298 vectus.
778 1233 812 1296 id
835 1234 935 1298 ceteri
956 1232 1062 1299 facere
1083 1255 1139 1299 no·

136 1320 275 1405 luerunt,
293 1320 349 1404 qui
367 1321 473 1386 nando
487 1321 522 1386 in
536 1325 645 1386 tutum
657 1324 881 1406 pervenerunt.
918 1324 953 1385 at
966 1321 1031 1407 ille,
1048 1345 1139 1407 prae·

136 1412 223 1474 stare
245 1409 417 1474 honestam
440 1413 579 1475 mortem
602 1409 791 1475 existimans
815 1409 903 1493 turpi
925 1410 1026 1496 vitae,
1054 1433 1139 1477 com·

135 1497 241 1562 minus
263 1517 412 1583 pugnans
435 1498 510 1562 telis
533 1498 678 1563 hostium
700 1496 890 1562 interfectus
914 1501 972 1564 est.

432 1801 529 1873 ΧΠΙ.
558 1799 843 1873 TIMO'PHEUS.

100 1941 117 2002 l
222 1938 425 2023 Timotheus,
457 1936 599 2003 Cononis
631 1938 731 2022 filius,
762 1937 981 2003 Atheniensis.
1032 1938 1086 2004 hic
1116 1962 1135 2005 a

132 2030 225 2110 patre
248 2031 414 2110 acceptam
436 2026 575 2111 gloriam
598 2025 709 2090 multis
733 2026 824 2090 auxit
851 2026 1041 2092 virtutibus:
1070 2027 1135 2093 suit

134 2115 220 2179 enim
243 2114 391 2198 disertus,
413 2113 565 2200 impiger,
588 2113 783 2197 laboriosus,
806 2115 853 2178 rei
876 2114 1027 2180 militaris
1049 2117 1133 2199 peri·

97 2219 113 2268 2
132 2206 186 2267 tus
208 2224 312 2285 neque
335 2202 441 2266 minus
461 2201 603 2267 civitatis
621 2202 788 2287 regendae.
820 2203 924 2267 multa
940 2203 1036 2268 huius
1055 2209 1133 2268 sunt

131 2291 295 2375 praeclare
317 2290 413 2375 facta,
436 2291 493 2355 sed
514 2290 594 2355 haec
612 2290 751 2356 maxime
769 2290 919 2356 illustria
956 2289 1131 2375 Olynthios

132 2384 165 2445 et
183 2380 359 2464 Byzantios
378 2379 465 2444 bello
484 2379 624 2464 subegit.
661 2377 793 2444 Samum
816 2379 915 2462 cepit:
937 2380 972 2443 in
995 2401 1059 2464 quo
1082 2400 1132 2464 cp

129 2470 201 2551 pido
225 2468 441 2554 oppugnando
464 2467 628 2550 superiore
650 2467 736 2531 bello
755 2467 970 2533 Athenienses
989 2469 1078 2534 mille
1098 2473 1146 2534 et·

131 2559 269 2622 ducenta
286 2556 410 2621 talenta
428 2560 703 2640 consumpserant,
720 2554 754 2618 id
766 2555 822 2619 ille
837 2557 905 2622 sine
919 2556 987 2620 ulla
999 2556 1131 2640 publica

130 2646 314 2816 tttttt?
317 2645 423 2812 Ab
433 2642 811 2814 ‘tttttttt'tftd
813 2644 963 2817 ‘attat
964 2644 1009 2797 ¹1¹3
1025 2645 1131 2816 33„

95 2838 110 2886 3
131 2843 204 2886 cum
217 2821 354 2886 rettulit.
382 2819 534 2904 Cyzicum
549 2821 716 2885 obsidione
730 2820 889 2886 liberavit.
916 2821 1130 2886 Ariobarzani

129 2910 227 2975 simul
250 2931 323 2974 cum
336 2909 490 2995 Agesilao
514 2909 633 2973 auxilio
656 2907 821 2992 profectus
844 2913 907 2990 est,
930 2930 1032 2991 aquo
1056 2932 1130 2975 cum

128 2997 214 3063 Laco
237 2998 407 3082 pecuniam
429 3001 634 3062 numeratam
656 2997 842 3082 accepisset,
864 2996 919 3061 ille
944 2997 1029 3062 cives
1052 3018 1129 3062 suos

129 3108 208 3173 agro
236 3090 333 3170 atque
360 3085 496 3150 urbibus
524 3086 636 3171 augeri
663 3085 779 3149 maluit
806 3106 903 3168 quam
932 3084 966 3148 id
993 3106 1129 3171 sumere,

122 3176 218 3240 ‘cuius
241 3179 368 3258 partem
390 3175 521 3238 domum
545 3195 636 3238 suam
658 3175 782 3255 qunque
803 3172 887 3238 ferre
909 3177 1029 3257 posset.
1070 3175 1130 3239 ita·

89 3280 92 3285 ’
128 3285 189 3347 que
213 3264 337 3347 accepit
360 3261 532 3328 Crithoten
555 3267 588 3326 et
612 3260 751 3326 Sestum.

93 3351 112 3415 2
214 3351 305 3415 Idem
335 3350 431 3415 classi
457 3349 639 3434 praefectus
667 3350 908 3415 circumvehens
931 3349 1130 3434 Peloponne-

127 3461 214 3523 sum,
245 3437 427 3504 Laconicen
458 3439 650 3522 populatus,
682 3439 818 3504 classem
850 3459 962 3504 eorum
993 3438 1129 3524 fugavit,

114 3524 293 3605 Corcyram
316 3528 381 3592 sub
403 3527 581 3613 imperium
595 3526 845 3594 Atheniensium
866 3526 992 3612 redegit
1011 3526 1129 3592 socios·
