2460 3848
410 188 495 244 XXV.
514 188 672 244 urricus,
701 194 779 244 2-4.
1032 189 1090 255 101

96 333 225 398 afferret
251 332 299 398 rei
325 333 492 417 familiari,
521 333 633 398 eodem
663 354 815 418 magnam
841 336 969 416 partem
996 332 1096 399 fortu-

94 444 209 487 narum
241 421 370 486 traiecit
397 443 537 486 suarum.
581 421 635 486 hic
666 421 714 486 ita
740 421 837 505 vixit,
868 424 906 485 ut
936 421 1095 487 umversis

94 509 349 574 Atheniensibus
376 510 493 575 merito
521 512 608 574 esset
630 509 825 575 carissimus.
869 530 946 573 nam
967 513 1131 593 praeterr

95 597 244 683 gratiam,
268 618 349 681 quae
367 598 433 662 iam
450 598 486 661 in
503 597 743 662 adulescentulo
762 617 881 682 magna
899 600 979 681 erat,
1001 617 1096 681 saepe

95 686 162 751 suis
191 685 306 770 opibus
337 685 482 770 inopiam
511 707 624 751 eorum
654 685 818 769 publicam
849 685 978 750 levarit.
1023 707 1097 750 eum

95 774 181 838 enim
199 794 365 839 versuram
383 773 488 838 faeere
506 773 635 858 publice
653 794 783 838 necesse
801 776 888 838 esset
904 794 1009 856 neque
1028 773 1096 838 eius

95 862 316 928 condicionem
338 883 475 945 aequam
496 861 662 946 haberent,
685 883 812 946 semper
834 882 869 926 se
891 861 1097 945 interposuit,

94 954 192 1033 atque
214 950 262 1014 ita
283 953 321 1015 ut
342 971 446 1033 neque
468 971 600 1015 usuram
619 971 777 1033 umquam
800 950 841 1014 ab
868 949 909 1014 iis
937 950 1097 1034 acceperit

93 1059 198 1121 neque
221 1038 362 1123 longius,
385 1059 483 1121 quam
506 1039 628 1103 dictum
652 1043 745 1122 esset,
768 1038 883 1102 debere
905 1058 1021 1121 pessus
1045 1038 1096 1102 sit.

94 1127 180 1210 quod
206 1130 380 1209 utrumque
408 1129 479 1190 erat
504 1127 546 1191 iis
574 1126 728 1191 salutare:
758 1146 835 1190 nam
861 1145 965 1209 neque
993 1126 1131 1191 indul-5

93 1215 198 1299 gendo
221 1215 456 1279 inveterascere
480 1235 591 1279 eorum
609 1236 663 1279 aes
682 1215 823 1279 alienum
841 1213 1028 1297 patiebatur
1044 1235 1097 1278 ne

94 1323 155 1384 que
179 1301 433 1385 multiplicandis
451 1303 559 1367 usuris
579 1324 729 1368 crescere.
764 1302 854 1367 auxit
871 1302 934 1366 hoe
953 1301 1096 1367 officium
1115 1319 1131 1368 e

94 1389 158 1454 alia
181 1410 308 1473 quoque
330 1389 542 1455 liberalitate:
568 1411 645 1454 nam
667 1391 834 1456 universos
857 1389 1021 1454 frumento
1044 1389 1097 1454 do

92 1477 192 1562 navit,
214 1478 263 1541 ita
284 1480 323 1541 ut
346 1477 483 1564 singulis
507 1479 576 1543 seni
599 1478 699 1542 modii
721 1478 826 1543 tritici
849 1478 1018 1562 darentur,
1041 1479 1096 1561 qui

93 1566 208 1630 modus
231 1586 399 1630 mensurae
422 1566 603 1631 medimnus
625 1564 764 1631 Athenis
788 1566 979 1650 appellatur.

180 1652 245 1718 Hic
267 1657 377 1718 autem
400 1653 447 1718 sic
470 1674 505 1718 se
527 1655 676 1740 gerebat,
704 1658 742 1718 ut
766 1654 944 1719 communis
967 1653 1136 1738 infimis,3

92 1762 152 1825 par
178 1740 380 1825 principibus
406 1741 578 1806 videretur.
624 1762 688 1825 quo
720 1741 844 1806 laetum
875 1744 927 1805 est
957 1745 995 1806 ut
1020 1741 1097 1806 huic

94 1850 205 1893 omnes
223 1829 373 1913 honores,
396 1848 477 1912 quos
496 1833 639 1914 possent,
661 1830 789 1913 publice
807 1829 967 1894 haberent
983 1828 1097 1895 civem·

93 1938 155 2000 que
186 1917 291 1982 facere
324 1917 505 1981 studerent:
538 1938 603 2001 quo
634 1917 790 1983 beneficio
822 1917 878 1981 ille
909 1917 959 1981 uti
990 1917 1097 1982 noluit

94 2005 193 2089 [quod
224 2005 375 2070 nonnulli
406 2005 455 2069 ita
488 2006 758 2090 interpretantur,
790 2004 899 2070 amitti
930 2005 1096 2070 civitatem

91 2092 273 2159 Romanam
296 2093 361 2158 alia
387 2093 513 2175 ascita}
559 2094 712 2177 quamdiu
740 2093 846 2178 affirit,
871 2114 912 2158 ne
941 2114 1005 2178 qua
1032 2093 1131 2158 sibit

92 2185 203 2248 statua
229 2185 418 2266 poneretur,
445 2181 582 2266 restitit,
612 2183 728 2247 absens
755 2182 927 2267 prohibere
948 2203 1015 2246 non
1041 2203 1096 2266 po·

92 2271 166 2335 tuit.
201 2270 313 2354 itaque
332 2270 457 2354 aliquot
480 2271 543 2355 ipsi
567 2274 600 2335 et
618 2270 753 2335 Phidiae
776 2271 857 2336 locis
881 2269 1095 2335 sanctissimis

90 2361 282 2442 posuerunt:
309 2357 395 2422 hunc
423 2358 509 2422 enim
535 2358 570 2421 in
597 2359 685 2423 omni
712 2357 938 2441 procuratione
965 2357 1013 2421 rei
1039 2378 1095 2441 pu-

91 2445 195 2510 blicae
232 2448 375 2509 actorem
412 2449 640 2528 auctoremque
678 2445 844 2509 habebant
879 2443 1094 2529 potissimum.

90 2532 193 2618 igitur
215 2531 356 2633 primum
378 2532 459 2596 illud
481 2554 597 2597 munus
620 2531 779 2616 fortunae,
803 2532 888 2615 quod
906 2533 941 2595 in
959 2553 998 2597 ea
1014 2533 1093 2597 urbe
1113 2549 1130 2599 1

91 2623 189 2685 natus
216 2624 280 2704 111,
313 2620 348 2683 in
376 2640 440 2702 qua
470 2619 669 2685 domicilium
697 2583 785 2685 orbis
817 2624 978 2684 terrarum
1009 2625 1095 2685 esset

92 2707 234 2792 imperii,
269 2670 308 2771 111
334 2707 468 2771 eandem
495 2711 528 2771 11
555 2709 695 2792 patriam
721 2707 922 2773 haberett
889 2711 922 2772 et
950 2709 1095 2810 domum3
1152 2752 1155 2756 ι

91 2796 154 2860 hoc
178 2796 340 2881 specimen
362 2795 561 2879 prudentiae,
584 2796 678 2880 quod,
710 2818 783 2861 cum
812 2797 846 2861 in
869 2816 940 2860 eam
963 2817 997 2861 11
1021 2797 1095 2862 civi·

91 2887 142 2948 tat
144 2905 195 2948 em
210 2883 411 2968 contulisset,
434 2903 516 2967 quae
535 2884 739 2985 antiquitate,
697 2884 909 2949 tehumanit
895 2889 963 2949 tate
977 2885 1094 2950 doctri

91 2993 196 3056 neque
219 2974 401 3057 praestaret
424 2993 545 3056 omnes,
567 2994 650 3037 unus
673 2935 789 3037 111111
812 2973 1005 3037 carissimus.

179 3059 252 3125 Huc
275 3081 314 3124 111
331 3058 413 3123 Asia
432 3056 522 3124 Sulla
544 3059 700 3125 decedens
720 3081 793 3125 cum
810 3061 962 3144 venisset,
985 3081 1093 3144 quam·
1110 3061 1132 3126 4

92 3148 147 3212 diu
169 3148 216 3212 ibi
242 3147 319 3232 fuit,
349 3168 458 3213 secum
483 3148 599 3212 habuit
621 3148 849 3233 Pomponium,
876 3153 990 3232 captus
1018 3148 1092 3212 adu-

91 3237 242 3301 lescentis
265 3240 299 3300 et
320 3236 523 3301 humanitate
547 3239 580 3300 et
602 3237 757 3301 doctrina.
792 3236 838 3302 sic
862 3237 948 3302 enim
971 3234 1092 3302 Graece

91 3324 298 3409 loquebatur,
320 3328 358 3388 ut
380 3320 519 3388 Athenis
541 3327 638 3389 natus
661 3325 838 3410 rideretur3
868 3328 962 3390 tauta
984 3328 1093 3391 autem

92 3413 235 3478 suavitas
259 3415 329 3477 erat
352 3411 510 3477 sermonis
529 3410 647 3497 Latini,
668 3417 707 3477 ut
729 3416 899 3497 appareret
920 3413 956 3477 in
978 3434 1016 3478 eo
1038 3434 1092 3478 na·

91 3501 195 3568 tivum
214 3500 372 3586 quendam
389 3501 533 3586 leporem
552 3521 632 3588 ease,
652 3521 722 3567 non
736 3502 893 3567 ascitum
918 3501 1018 3562 idem
1026 3503 1109 3576 que·
