2460 3848
379 221 425 275 xl.
444 221 670 278 IPHIORATES.
699 227 768 277 1-e
1041 221 1085 286 43

80 367 164 432 male
187 389 257 432 rem
279 367 398 452 gessit,
421 388 548 451 semper
571 367 706 431 consilio
730 367 809 432 vicit
831 370 1023 450 tantumque
1046 390 1084 434 eo

79 456 193 539 valuit,
215 459 253 519 ut
276 455 380 519 multa
402 456 438 519 in
459 477 494 520 re
518 455 655 519 militari
677 455 798 538 partim
819 477 904 520 nova
927 456 1084 542 attulerit,

79 544 202 627 partim
224 543 359 607 meliora
386 542 511 608 fecerit.
555 564 695 626 namque
722 543 777 608 ille
803 543 968 630 pedestria
995 560 1119 609 armas

79 631 229 696 mutarit.
262 652 335 695 cum
349 635 424 696 ante
442 631 536 695 illum
554 631 786 714 imperatorem
799 632 948 696 maximis
964 632 1086 717 clipeis,

79 720 231 784 brevibus
254 720 369 804 hastis,
392 719 527 783 minutis
550 719 668 805 gladiis
691 723 870 805 uterentur,
893 721 948 784 ille
972 742 989 784 e
1012 734 1121 785 con-l

79 807 182 872 trario
205 807 328 892 peltam
350 829 410 892 pro
428 829 543 891 parma
560 807 638 872 fecit
658 804 691 892 (a
709 828 773 890 quo
791 811 906 892 postea
924 809 1085 891 peltastae

78 897 205 980 pedites
219 896 365 978 appellati
381 900 462 973 suut,
484 897 538 977 qui
559 900 652 960 cubo
668 895 801 978 hoplitae
814 894 1085 982 appellabantur),

78 987 118 1048 ut
140 985 181 1049 ad
203 988 312 1048 motus
333 1004 571 1067 concursusque
591 987 699 1048 essent
717 983 864 1069 leviores,
886 984 1000 1049 hastae
1019 1006 1085 1049 rno-

79 1073 156 1137 dum
183 1072 373 1156 duplicavit,
406 1071 531 1157 gladios
558 1071 723 1157 longiores
746 1072 834 1138 fecit.
874 1072 960 1136 idem
983 1093 1085 1158 genus

79 1161 254 1226 loricarum
280 1161 554 1225 uorum-instituit
579 1164 613 1224 et
639 1182 698 1244 pro
727 1161 823 1225 sertis
851 1163 949 1244 atque
978 1161 1084 1225 aeneis

79 1248 197 1313 linteas
220 1248 317 1313 dedit.
355 1269 418 1330 quo
437 1247 525 1312 facto
549 1249 765 1332 expeditiores
788 1249 909 1314 milites
932 1248 1085 1314 reddidit:

78 1359 156 1402 nam
177 1337 318 1421 pondere
342 1336 504 1420 detracto,
527 1336 613 1420 quod
637 1358 737 1420 aeque
762 1358 878 1420 corpus
902 1341 1029 1422 tegeret
1052 1341 1086 1402 et

79 1426 149 1490 leve
173 1429 268 1508 esset,
291 1424 424 1489 curavit.

167 1511 296 1577 Bellum
319 1534 392 1577 curn
414 1512 612 1577 Thraecibus
637 1513 749 1597 gessit,
773 1511 937 1597 Seuthem,
961 1513 1126 1579 socium2

79 1599 343 1685 Atheniensium,
365 1601 400 1664 in
422 1621 559 1685 regnum
582 1600 738 1663 restituit.
784 1601 869 1683 apud
892 1598 1086 1665 Corinthum

80 1694 174 1754 tanta
197 1689 370 1753 severitate
393 1688 548 1752 exercitui
570 1685 721 1771 praefuit,
744 1689 782 1751 ut
804 1688 912 1752 nullae
930 1709 1085 1771 umquam

80 1778 115 1841 in
142 1776 279 1841 Graecia
305 1797 409 1858 neque
437 1775 680 1840 exercitatiores
709 1775 820 1858 copiae
847 1797 951 1858 neque
979 1775 1085 1861 magis

80 1865 167 1930 dicto
187 1864 353 1927 audientes
374 1862 496 1926 firerint
514 1862 600 1947 duci,
622 1863 657 1927 in
671 1884 806 1946 eamque
820 1864 1085 1928 consuetudinem
1103 1877 1120 1926 2

81 1952 227 2036 adduxit,
253 1954 304 2036 ut,
327 1971 401 2016 cum
423 1950 539 2035 proelii
562 1950 692 2036 signum
715 1951 755 2015 ab
779 1952 975 2036 imperatore
998 1956 1084 2016 esset

80 2041 201 2124 datum,
224 2039 293 2104 sine
316 2039 405 2105 ducis
430 2060 528 2123 opera
551 2039 597 2104 sic
621 2040 788 2104 ordinatae
803 2040 1027 2125 consisterent,
1047 2043 1085 2105 ut

80 2128 202 2214 singuli
225 2149 244 2191 a
266 2127 465 2213 peritissimo
492 2127 689 2212 imperatore
717 2128 869 2213 dispositi
891 2128 1084 2193 viderentur.

79 2217 142 2281 hoc
156 2216 298 2281 exercitu
317 2238 442 2281 moram
455 2213 784 2281 Lacedaemoniorum
803 2216 976 2300 interfecit,
999 2216 1085 2299 quod
1104 2231 1120 2279 a

80 2305 219 2370 maxime
243 2309 315 2369 tota
338 2304 537 2370 celebratum
561 2309 611 2369 est
635 2303 779 2369 Graecia
824 2306 943 2368 iterum
973 2303 1085 2367 eodem

80 2393 167 2457 bello
191 2414 302 2457 omnes
326 2394 435 2476 copias
455 2413 566 2456 eorum
584 2392 720 2477 hrgarit,
743 2413 807 2474 quo
825 2392 913 2456 facto
933 2411 1085 2476 magnam

80 2481 216 2565 adeptus
240 2485 291 2544 est
318 2481 465 2566 gloriam.
511 2502 584 2544 cum
606 2478 803 2544 Artaxerxes
827 2479 991 2564 Aegyptio
1015 2479 1121 2565 regit

79 2569 203 2633 bellum
233 2567 352 2632 inferre
384 2568 501 2651 voluit,
536 2567 725 2650 Iphicraten
756 2568 798 2631 ab
830 2565 1084 2631 Atheniensibus

79 2658 194 2720 ducem
217 2655 343 2739 petivit,
366 2677 462 2738 quem
483 2655 674 2739 praeficeret
696 2655 851 2720 exercitui
875 2654 1085 2740 conducticio,

81 2744 173 2809 cuius
195 2764 348 2807 numerus
372 2743 541 2807 duodecim
563 2743 690 2807 milium
718 2743 791 2807 fuit.
838 2764 933 2825 quem
956 2743 1085 2827 quidem

82 2833 129 2897 sic
152 2832 242 2897 omni
265 2831 435 2914 disciplina
458 2830 594 2894 militari
616 2831 764 2914 erudivit,
786 2834 832 2914 ut,
855 2853 951 2914 quem
966 2831 1006 2895 ad
1020 2852 1086 2895 mo-

81 2921 166 2985 dum·
177 2919 340 3003 quondam
358 2917 496 2982 Fabiani
515 2919 635 2982 milites
654 2918 777 2982 Romae
798 2919 966 3003 [appellati
986 2921 1086 3002 sunt],

82 3009 129 3073 sic
142 3008 381 3091 Iphicratenses
396 3007 482 3090 apud
496 3006 637 3071 Graecos
658 3007 693 3070 in
707 3028 834 3070 summa
847 3007 941 3071 laude
955 3005 1085 3070 fuerint.

81 3096 167 3160 idem
195 3097 338 3161 subsidio
362 3094 626 3159 Lacedaemoniis
653 3094 819 3178 profectus
841 3094 1085 3178 Epaminondae
1104 3108 1122 3157 a

82 3183 259 3249 retardavit
280 3185 432 3267 impetus.
461 3204 537 3246 nam
555 3183 619 3246 nisi
643 3183 711 3246 eius
735 3183 891 3247 adventus
916 3182 1086 3266 appropin-

82 3276 223 3356 quasset,
237 3290 311 3336 vnorr
324 3272 414 3355 prius
429 3270 574 3334 Thebani
590 3268 708 3354 Sparta
722 3271 965 3354 abscessissent,
989 3291 1086 3352 quam

81 3365 213 3444 captam
234 3360 382 3424 incendio
406 3359 575 3423 delessent

169 3447 248 3511 Fuit
270 3452 379 3512 autem
402 3451 435 3511 et
458 3446 565 3511 animo
589 3467 708 3532 magno
731 3450 766 3511 et
787 3465 929 3527 corpore
952 3444 1145 3530 impare-3&

81 3537 230 3620 toriaque
251 3534 371 3621 forma,
394 3539 433 3602 ut
454 3535 529 3623 ipso
553 3541 699 3625 aspectu
721 3535 832 3602 curus
848 3530 1005 3593 imaue&
1023 3523 1132 3581 W
