2460 3848
152 195 195 257 48
451 191 525 246 ΧΙΙΙ.
544 190 761 246 TIMOTHEUS.
790 144 858 246 3.Ι4.

154 338 302 422 suspicax
321 337 362 401 ob
382 358 516 419 eamque
539 357 608 399 rem
631 335 770 419 mobilis,
795 336 1004 422 adversarius,
1026 337 1156 404 invidus

153 425 286 512 (etenim
322 425 470 508 potentia
500 425 536 488 in
567 424 688 488 crimen
722 422 913 509 vocabatur)
945 425 1077 491 domum
1109 449 1157 492 rc-

151 518 260 579 vocat:
290 516 482 578 accusantur
509 512 713 595 proditionis,
757 511 819 576 hoc
841 512 960 578 iudicio
984 514 1157 580 damnatur

151 602 341 667 Timotheus
359 602 464 684 lisque
483 600 551 664 eius
570 601 762 665 aestimatur
776 605 906 665 centum
923 601 1066 666 talentis.
1099 603 1155 669 ille

153 691 225 755 odio
248 692 396 776 ingratae
420 688 562 753 civitatis
586 692 716 752 exactus
740 687 927 753 Chalcidem
949 710 984 755 se
1005 693 1155 757 contulit.

116 779 138 843 4
240 777 345 842 Huius
359 781 435 862 post
449 781 588 842 mortem
602 799 676 841 cum
689 778 845 860 populum
859 777 969 842 iudicii
983 780 1034 843 sui
1047 781 1156 864 paeni·

152 871 244 951 teret,
267 867 388 931 multae
411 887 527 931 novem
549 869 659 948 partes
683 865 824 929 detraxit
847 869 881 929 et
903 866 1012 931 decem
1030 869 1155 934 talenta

152 953 325 1039 Cononem,
347 954 451 1017 filium
474 954 557 1037 eius,
579 952 619 1017 ad
642 954 727 1016 muri
750 953 911 1036 quandam
932 959 1061 1038 partem
1084 958 1155 1022 refi-

152 1043 296 1108 ciendam
318 1042 414 1106 iussit
437 1041 521 1105 dare.
556 1041 591 1105 in
610 1062 673 1123 quo
692 1041 841 1106 fortunae
860 1042 999 1107 varietas
1019 1048 1070 1109 est
1088 1046 1155 1110 ani-

151 1133 326 1196 madversa.
361 1151 437 1193 nam
461 1150 541 1212 quos
565 1150 643 1193 avus
664 1127 803 1210 [Conon]
823 1151 933 1195 muros
952 1153 991 1195 ex
1008 1132 1155 1199 hostium

150 1220 269 1303 praeda
290 1218 415 1303 patriae
437 1217 636 1301 restituerat,
659 1218 789 1282 eosdem
811 1239 911 1302 nepos
931 1241 1004 1284 cum
1028 1242 1154 1288 summa

150 1307 330 1393 ignominia
352 1306 494 1370 familiae
513 1327 551 1370 ex
570 1327 681 1371 snare
700 1304 854 1370 familiari
872 1307 1002 1372 reficere
1021 1315 1152 1376 coactus

115 1399 210 1459 rest.
259 1394 421 1458 Timothei
455 1397 565 1458 autem
598 1394 783 1458 moderatae
815 1395 1034 1479 sapientisque
1065 1398 1153 1465 ritae

151 1506 224 1548 cnm
245 1484 399 1568 pleraque
420 1482 584 1566 possimus
607 1482 750 1566 proferre
774 1483 975 1568 testimonia,
1005 1507 1070 1550 uno
1094 1488 1153 1551 eri·

150 1594 222 1636 mus
246 1571 400 1655 contenti,
423 1570 508 1654 quod
532 1593 571 1636 ex
594 1592 631 1634 eo
654 1570 749 1635 facile
774 1571 877 1635 conici
899 1572 1030 1658 poterit,
1054 1595 1153 1656 quam

150 1681 243 1726 carus
262 1661 329 1725 suis
348 1659 455 1724 fuerit.
492 1680 565 1723 cum
583 1657 722 1723 Athenis
742 1659 1001 1725 adulescentulus
1021 1682 1152 1727 causam

150 1749 282 1834 diceret,
304 1770 371 1813 non
393 1748 499 1812 solum
522 1747 617 1812 amici
639 1747 821 1831 privatique
843 1747 990 1831 hospites
1013 1749 1054 1813 ad
1076 1771 1151 1815 cum

149 1837 381 1902 defendendum
413 1839 647 1920 convenerunt,
684 1835 739 1900 sed
770 1836 869 1899 etiam
900 1835 935 1900 in
966 1837 1012 1901 cis
1044 1836 1151 1925 Iason,

149 1930 306 2009 tyrannus
334 1924 532 2008 Thessaliae,
565 1924 621 2006 qui
651 1923 709 1987 illo
739 1928 885 2007 tempore
914 1923 978 1988 fuit
1006 1927 1151 1992 omnium

114 2013 405 2096 spotentissimus.
445 2011 498 2076 hic
522 2032 595 2076 curn
617 2011 652 2075 in
674 2012 781 2094 patria
805 2012 873 2076 sine
897 2013 1093 2079 satellitibus
1116 2037 1151 2081 se

150 2105 258 2164 tutum
284 2122 350 2164 non
377 2099 604 2184 arbitraretur,
631 2097 778 2164 Athenas
807 2100 875 2165 sine
897 2101 965 2166 ullo
988 2103 1149 2186 praesidio

148 2189 238 2253 venit
269 2188 417 2270 tantique
448 2187 613 2270 hospitem
643 2186 734 2271 fecit,
766 2191 803 2251 ut
831 2188 943 2253 mallet
971 2209 1004 2253 se
1032 2191 1149 2274 capitis

147 2277 326 2361 periculum
353 2276 440 2340 adire
467 2297 565 2359 quam
592 2274 763 2340 Timotheo
792 2276 830 2340 de
862 2276 950 2340 fama
982 2277 1150 2344 dimicanti

148 2366 267 2430 deesse.
298 2365 384 2430 hunc
402 2365 553 2428 adversus
572 2367 682 2429 tamen
695 2362 885 2429 Timotheus
904 2369 1019 2448 postea
1036 2368 1149 2450 populi

147 2455 239 2519 iussu
257 2454 379 2519 bellum
397 2453 514 2539 gessit:
536 2452 661 2536 patriae
679 2453 760 2518 enim
779 2453 943 2518 sanctiora
961 2454 1032 2518 iura
1051 2477 1149 2539 quam

147 2542 283 2626 hospitii
306 2563 375 2607 esse
399 2541 498 2605 duxit.

113 2647 129 2693 l
235 2628 325 2695 Haec
347 2634 490 2694 extrema
516 2628 579 2693 fuit
601 2632 691 2693 aetas
718 2629 952 2712 imperatorum
973 2630 1149 2697 Athenien-

149 2718 241 2802 sium,
251 2717 434 2801 Iphicratis,
444 2717 611 2800 Chabriae,
625 2716 797 2801 Timothei,
810 2740 914 2801 neque
928 2722 1004 2802 post
1017 2718 1149 2784 illorum

148 2806 274 2872 obitum
292 2806 463 2889 quisquam
481 2806 545 2869 dux
562 2805 597 2869 in
610 2805 667 2868 illa
680 2805 759 2869 urbe
773 2805 837 2869 fuit
851 2806 967 2892 dignus
982 2808 1146 2872 memoria.

112 2911 128 2959 5
235 2893 340 2958 Venio
371 2915 456 2959 nunc
488 2894 528 2957 ad
563 2893 779 2957 fortissimum
811 2894 916 2958 virum
952 2895 1148 2979 maximique

147 2983 273 3049 consilii
297 2983 440 3047 omnium
462 2982 684 3065 barbarorum,
706 2982 848 3065 exceptis
867 2981 991 3046 duobus
1010 2980 1148 3048 Kartha·

111 3088 127 3138 t
146 3072 355 3158 giniensibus,
373 3070 558 3135 Hamilcare
573 3072 606 3134 et
619 3068 812 3134 Hannibale.
846 3069 884 3134 de
899 3091 962 3152 quo
976 3070 1038 3135 hoc
1053 3072 1148 3155 plura

146 3161 335 3244 referemus,
363 3160 449 3243 quod
472 3161 504 3222 et
528 3158 715 3223 obscuriora
739 3163 815 3223 sunt
838 3157 906 3223 eius
930 3163 1024 3243 gesta
1046 3160 1149 3242 plera

147 3271 208 3332 qne
232 3253 266 3314 et
288 3270 338 3332 ea,
362 3268 443 3331 quae
466 3267 618 3331 prospere
642 3247 672 3310 ei
695 3249 877 3331 cesserunt,
898 3267 964 3311 non
987 3248 1149 3333 magnitu-

146 3337 220 3401 dine
234 3337 408 3420 copiarum,
431 3335 486 3399 sed
505 3334 641 3417 consilii,
661 3356 725 3418 quo
744 3339 815 3399 tum
834 3355 945 3398 omnes
965 3337 1149 3419 superabat,

146 3425 343 3489 acciderunt:
367 3445 504 3507 quorum
526 3423 590 3487 nisi
612 3422 697 3487 ratio
717 3422 877 3505 explicata
894 3422 1003 3508 fuerit,
1026 3445 1077 3489 res
1095 3446 1149 3505 ap-

125 3531 249 3586 parere
268 3534 337 3576 non
357 3515 528 3595 poterunt.

542 3638 759 3652 -Gm
