2460 3848
379 185 477 242 XXIII.
496 186 693 245 HANNIBAL.
722 196 800 245 3-6.
1049 193 1090 258 91

88 330 176 413 fecit,
198 330 317 394 itinera
339 332 472 415 muniit,
496 332 602 398 effecit
623 337 661 397 ut
684 356 722 399 ea
745 336 935 419 elephantus
959 341 1093 403 ornatus

88 422 136 486 ire
158 423 279 504 posset,
302 440 366 502 qua
389 424 484 484 antea
506 443 588 485 unus
611 422 709 488 homo
732 423 865 489 inermis
887 425 942 490 vix
963 430 1094 508 poterat

89 530 210 593 repere.
246 507 308 572 hac
331 508 441 592 copias
465 509 611 573 traduxit
632 510 667 574 in
689 510 884 596 Italiamque
906 513 1063 596 pervenit.

178 595 375 662 Conflixerat
398 597 483 680 apud
500 596 694 663 Rhodanum
717 621 790 664 cum
808 600 844 665 P.
858 599 1008 667 Cornelio
1028 599 1094 666 Sci·
1111 602 1133 666 4

89 687 185 771 pione
218 685 348 749 consule
381 706 517 768 eumque
548 687 727 770 pepulerat.
781 709 854 752 cum
887 689 949 754 hoc
981 689 1094 754 eodem

90 772 241 840 Clastidii
268 773 354 854 apud
381 772 506 838 Padum
538 774 682 839 decernit
714 776 922 860 sauciumque
954 777 1028 842 inde
1056 799 1095 842 ac

89 863 240 947 fugatum
263 861 409 925 dimittit.
446 861 545 926 tertio
567 862 654 926 idem
673 861 782 947 Scipio
806 886 879 930 cunr
902 865 1028 951 collega
1045 865 1094 929 Ti.
1113 880 1129 928 2

88 949 203 1035 Longo
236 951 321 1032 apud
348 949 498 1014 Trebiam
526 950 678 1016 adversus
706 974 780 1017 eum
806 953 903 1017 venit.
949 975 1023 1018 cum
1051 953 1093 1017 iis

90 1061 222 1103 manum
245 1037 421 1121 conseruit,
448 1042 604 1121 utrosque
626 1039 821 1125 profligavit.
866 1041 940 1105 inde
962 1062 1021 1126 per
1042 1041 1095 1104 Li·

90 1148 186 1214 gures
209 1126 439 1210 Appenninum
461 1127 602 1211 transiit,
625 1131 739 1212 petens
761 1128 938 1193 Etruriam.
974 1129 1036 1194 hoc
1058 1131 1129 1194 ina

89 1217 205 1281 itinere
225 1215 303 1278 adeo
322 1214 415 1299 gravi
433 1215 547 1279 morbo
567 1215 708 1280 afficitur
726 1217 903 1302 oculorum,
925 1220 963 1282 ut
979 1221 1095 1302 postea

89 1325 266 1386 numquam
289 1303 402 1366 dextro
426 1323 526 1385 aeque
549 1304 629 1368 bene
646 1326 725 1368 usus
744 1305 796 1369 sit.
829 1326 894 1388 qua
910 1305 1094 1370 valetudine

91 1414 164 1458 cum
182 1391 360 1454 etiamnum
381 1395 582 1474 premeretur
604 1393 783 1475 lecticaque
802 1392 950 1478 ferretur,
973 1393 1008 1460 Ο.
1022 1392 1095 1458 Fla

90 1480 227 1544 minium
254 1478 419 1543 consulem
446 1480 532 1563 apud
558 1480 814 1545 Trasumennum
840 1477 919 1546 'cum
951 1481 1094 1547 exercitu

90 1567 217 1633 insidiis
232 1566 486 1639 circumientnm
500 1568 626 1651 occidit,
639 1589 743 1652 neque
757 1569 861 1633 multo
875 1573 952 1653 post
965 1568 1000 1634 O.
1015 1568 1094 1634 oen·

90 1656 215 1721 teninm
237 1658 420 1738 praetorem
443 1676 516 1719 cum
540 1655 664 1720 delecta
686 1678 783 1720 manu
812 1657 915 1721 saltus
939 1678 1094 1740 occupan-

90 1749 167 1810 tem.
198 1743 274 1807 hinc
287 1743 322 1804 in
335 1742 489 1825 Apuliam
502 1743 657 1826 pervenit.
689 1744 736 1807 ibi
750 1745 880 1809 obviam
894 1744 924 1809 ei
938 1749 1129 1808 venerante

92 1833 155 1896 duo
178 1831 336 1913 consules,
359 1828 394 1894 0.
412 1829 582 1895 Terentius
606 1835 640 1895 et
662 1831 697 1895 L.
723 1830 888 1900 Aemilius.
924 1832 1094 1915 utriusque

91 1919 250 1985 exercitus
273 1939 338 1982 uno
361 1918 486 2002 proelio
508 1918 644 2004 fugavit,
667 1919 805 1984 Paulum
828 1920 992 1985 consulem
1013 1921 1095 1986 occi-

92 2009 197 2072 ditet
220 2006 345 2090 aliquot
367 2010 536 2090 praeterea
559 2008 756 2092 consulares,
782 2008 817 2072 in
840 2008 886 2072 eis
909 2007 966 2074 Cn.
991 2007 1094 2074 Servi·

91 2096 172 2160 lium
195 2093 381 2178 Geminum,
404 2095 460 2178 qui
482 2095 647 2178 superiore
670 2118 754 2161 anno
777 2095 884 2160 luerat
906 2098 1027 2162 consul.

178 2182 249 2248 Hac
271 2203 381 2268 pugna
402 2188 549 2268 pugnata
570 2183 709 2249 Romam
736 2185 902 2269 profectus
929 2186 1019 2250 nullo
1047 2207 1094 2250 re·
1112 2185 1134 2250 5

91 2274 225 2338 sistente
244 2273 279 2335 in
296 2272 487 2355 propinquis
505 2272 579 2336 urbi
593 2273 758 2337 montibus
773 2277 919 2336 moratus
934 2278 992 2337 est.
1020 2295 1094 2337 cum

91 2362 217 2443 aliquot
243 2359 290 2423 ibi
318 2360 385 2424 dies
413 2363 521 2424 castra
542 2359 711 2424 habuisset
733 2364 767 2424 et
790 2358 934 2443 Capuam
957 2364 1094 2424 reverte·

91 2454 189 2530 retur,
213 2446 249 2523 Q.
263 2445 384 2511 Fabius
403 2446 574 2530 Maximus,
596 2448 736 2512 dictator
758 2446 934 2531 Romanus,
956 2447 991 2511 in
1014 2469 1092 2533 agro

90 2536 229 2600 Falerno
253 2533 282 2597 ei
306 2556 340 2599 se
363 2534 491 2599 obiecit.
535 2535 589 2598 hic
612 2536 740 2599 clausus
763 2535 909 2599 locorum
931 2536 1128 2620 angustiisr

90 2627 190 2690 noctu
212 2622 280 2686 sine
303 2622 370 2684 ullo
394 2621 588 2687 detrimento
612 2623 771 2687 exercitus
794 2643 829 2686 se
852 2623 1015 2705 expedivit
1032 2622 1093 2688 Fa·

90 2713 217 2794 hicque,
240 2709 448 2774 callidissimo
472 2709 670 2794 imperatori,
693 2711 781 2774 dedit
803 2710 909 2775 verba
953 2733 1093 2796 namque

91 2800 231 2865 obducta
252 2801 348 2862 nocte
371 2801 535 2862 sarmenta
556 2798 591 2862 in
613 2798 764 2863 cornibus
787 2798 995 2863 iuvencorum
1018 2800 1094 2864 deli·

91 2892 169 2973 gata
190 2886 334 2950 incendit
356 2885 488 2968 eiusque
516 2886 642 2971 generis
670 2886 913 2950 multitudinem
940 2908 1093 2973 magnam

91 2975 285 3058 dispalatam
308 2972 453 3038 immisit.
500 2995 563 3056 quo
586 2974 755 3057 repentino
778 2975 850 3039 visu
873 2974 1001 3040 obiecto
1025 2979 1094 3039 tan·

90 3069 161 3128 tum
184 3067 341 3128 terrorem
362 3060 474 3127 iniecit
497 3062 652 3126 exercitui
670 3062 900 3146 Romanorum,
922 3067 961 3126 ut
983 3063 1094 3148 egredi

90 3155 182 3216 extra
204 3150 325 3215 vallum
347 3171 441 3214 nemo
466 3149 510 3213 sit
528 3170 634 3214 ausus.
671 3150 753 3215 hanc
776 3155 852 3234 post
874 3172 943 3215 rem
966 3155 1094 3236 gestam
1112 3169 1129 3218 s

89 3261 155 3304 non
173 3239 222 3302 ita
240 3237 352 3302 multis
374 3237 486 3302 diebus
501 3237 544 3302 M.
558 3237 736 3303 Minucium
750 3238 881 3323 Rufum,
899 3239 1095 3323 magistrum

89 3327 237 3410 equitum
258 3326 331 3409 pari
354 3346 391 3390 ac
414 3325 608 3390 dictatorem
630 3327 780 3411 imperio,
803 3327 877 3391 dolo
900 3328 1095 3410 productum

88 3413 514 3569 {tttiilumlgitbnl
529 3411 1120 3568 ttt'ttffitmttttuttttu

263 3553 272 3588 1
