2460 3848
377 235 464 293 XVII.
482 236 690 293 AGESILAUS.
718 245 795 293 6—8.
1042 236 1085 301 69

85 380 286 464 apparuerit,
316 379 381 444 nisi
411 381 467 445 ille
498 380 630 466 fuisset,
663 379 814 465 Spartam
845 367 992 447 futuraml
1020 404 1086 446 non

85 468 193 533 fuisse.
238 467 359 551 inquo
383 469 512 552 quidem
542 469 725 535 discrimine
749 470 897 535 celeritas
921 471 990 534 eius
1014 487 1121 535 con-a

86 557 151 621 silii
171 555 269 620 saluti
292 555 355 620 fuit
373 557 541 622 universis.
576 580 653 622 nam
672 580 745 623 cum
760 558 891 641 quidam
904 558 1086 623 adulescen-

85 645 148 709 tuli
178 642 324 708 bostium
354 645 493 710 adventu
523 647 690 729 perterriti
717 646 758 710 ad
784 646 956 711 Thebanos
983 651 1087 710 trans-

85 733 197 819 fugere
216 732 336 798 vellent
354 737 388 798 et
405 734 513 798 locum
535 738 627 800 extra
644 735 759 799 urbem
777 734 899 799 editum
917 735 1088 819 cepissent,

85 820 273 907 Agesilaus,
300 822 355 905 qui
382 821 693 904 perniciosissimum
715 823 784 887 fore
807 822 943 906 videret,
970 823 999 886 si
1022 821 1087 886 ani·
1111 855 1114 867 v

87 910 290 974 madversum
322 913 409 975 esset
441 931 636 994 quemquam
668 911 708 975 ad
739 911 851 976 hostes
883 910 1087 994 transfugere

87 997 209 1080 conari,
237 1018 310 1062 cum
337 998 404 1062 suis
432 1019 470 1063 eo
498 999 587 1064 venit
613 1003 725 1082 atque,
753 1003 791 1064 ut
818 999 846 1063 si
869 999 954 1064 bono
979 998 1086 1062 animo

86 1086 248 1168 fecissent,
270 1086 415 1151 laudavit
438 1087 609 1152 consilium
631 1109 752 1172 eorum,
776 1086 861 1170 quod
884 1109 958 1152 eum
979 1087 1088 1150 locum
1206 1136 1209 1148 .

87 1179 311 1259 occupassent:
333 1174 367 1238 id
390 1195 423 1238 se
443 1196 569 1258 quoque
588 1175 659 1240 fieri
677 1175 792 1241 debere
812 1174 1086 1240 animadvertisse.

87 1264 133 1328 sic
165 1262 386 1327 adulescentes
419 1261 571 1328 simulata
602 1264 788 1328 laudatione
819 1263 1022 1348 recuperavit
1054 1265 1121 1326 eta

86 1350 247 1416 adiunctis
280 1350 318 1414 de
350 1351 417 1415 suis
449 1352 623 1416 comitibus
659 1353 767 1417 locum
802 1356 911 1417 tutum
946 1350 1087 1434 reliquit.

86 1460 225 1521 namque
245 1438 294 1500 illi
313 1438 438 1504 adiecto
456 1461 590 1505 numero
610 1461 730 1524 corum,
754 1441 809 1523 qui
827 1444 975 1524 expertes
995 1441 1088 1504 erant

87 1526 224 1609 consilii,
246 1547 447 1592 commovere
471 1549 504 1591 se
527 1550 593 1592 non
615 1532 692 1592 sunt
714 1529 785 1593 ausi
803 1549 905 1612 eoque
923 1527 1087 1609 libentius,

88 1615 173 1700 quod
195 1615 298 1679 latere
321 1615 564 1680 arbitrabantur
587 1637 669 1698 quae
692 1616 923 1702 cogitaverant.

177 1700 253 1767 Sine
285 1702 382 1767 dubio
414 1707 491 1786 post
521 1702 725 1768 Leuctricam
758 1724 901 1789 pugnam
932 1700 1126 1767 Lacedael

89 1792 189 1857 monii
217 1812 251 1855 se
278 1811 456 1872 numquam
482 1790 664 1856 refecerrmt
689 1813 793 1874 neque
825 1791 1000 1875 pristinum
1031 1789 1089 1852 im·

86 1880 213 1964 perium
227 1881 466 1962 recuperarunt,
484 1900 558 1944 cum
575 1879 708 1946 interim
725 1901 902 1963 numquam
915 1877 1087 1964 Agesilaus

87 1967 215 2033 destitit
244 1966 498 2050 quibuscumque
529 1969 625 2032 rebus
656 1972 768 2052 posset
799 1968 939 2052 patriam
969 1968 1088 2031 iuvare.

86 2078 163 2121 nam
186 2076 259 2120 cum
280 2055 451 2139 praecipue
470 2054 716 2121 Lacedaemonii
738 2056 922 2143 indigerent
943 2054 1124 2140 pecuniae

87 2146 142 2209 ille
166 2143 326 2227 omnibus,
348 2143 405 2226 qui
427 2165 446 2207 a
468 2165 545 2230 rege
568 2143 764 2229 defecerant,
786 2145 947 2229 praesidio
969 2142 1046 2208 fuit:
1069 2164 1089 2206 a

88 2233 204 2317 quibus
236 2253 355 2318 magna
386 2232 524 2297 donatus
556 2234 692 2316 pecunia
726 2235 867 2317 patriam
900 2230 1087 2296 sublevavit.

88 2327 185 2404 atque
199 2320 234 2385 in
245 2320 309 2384 hoc
323 2319 403 2384 illud
417 2320 565 2404 inprimis
579 2320 643 2386 fuit
652 2322 851 2404 admirabile,
866 2342 939 2384 cum
949 2318 1090 2383 maxima
1106 2333 1125 2383 a

87 2429 221 2486 munera
243 2409 273 2472 ei
295 2408 337 2471 ab
359 2409 491 2492 regibus
515 2431 552 2472 ac
575 2409 721 2492 dynastis
745 2408 995 2490 civitatibusque
1016 2426 1089 2470 con·

87 2495 261 2578 ferrentur,
284 2494 370 2577 quod
392 2496 474 2560 nihil
497 2517 651 2579 umquam
674 2496 805 2560 domum
827 2517 919 2559 suam
942 2493 1089 2577 contulit,

87 2584 169 2648 nibil
184 2582 222 2646 de
236 2582 334 2665 victu,
351 2582 433 2646 nihil
448 2584 487 2647 de
501 2583 622 2649 vestitu
635 2583 800 2649 Laconum
814 2583 962 2648 mutavit.
992 2582 1087 2646 dome
1105 2599 1124 2649 4

88 2671 199 2736 eadem
230 2668 295 2734 fuit
327 2674 510 2755 contentus,
543 2692 606 2754 qua
632 2671 868 2757 Eurysthenes,
899 2670 1090 2757 progenitor

88 2759 248 2823 maiorum
279 2778 429 2840 suorum,
460 2759 566 2823 fuerat
597 2781 688 2823 usus:
726 2781 822 2843 quam
854 2760 910 2843 qui
940 2760 1088 2842 intrarat,

86 2847 212 2912 nullum
240 2845 370 2931 signum
396 2845 554 2931 libidinis,
580 2847 706 2911 nullum
728 2848 873 2913 luxuriae
900 2848 1007 2913 videre
1033 2868 1088 2930 po

87 2939 183 3018 terat,
205 2937 319 2998 contra
337 2956 375 2998 ea
394 2934 535 3017 plurima
552 2936 728 3018 patientiae
748 2940 845 3020 atque
863 2936 1088 3001 abstinentiae.

87 3024 135 3089 sic
158 3023 244 3087 enim
267 3026 338 3087 erat
360 3022 529 3106 instructa,
551 3027 590 3087 ut
612 3024 647 3087 in
668 3024 815 3089 nulla're
838 3025 981 3089 differret
998 3045 1019 3087 a
1037 3045 1088 3088 ou·

87 3111 188 3175 iusvis
211 3111 318 3194 inopis
342 3115 439 3193 atquc
462 3111 590 3194 privati.

174 3199 283 3282 Atque
310 3199 365 3263 hic
392 3202 504 3263 tantus
531 3199 581 3263 vir
608 3204 645 3264 ut
666 3204 818 3265 naturam
839 3200 1010 3266 fautricem
1033 3202 1128 3268 rra-8

86 3288 202 3352 buerat
224 3287 259 3351 in
281 3287 461 3353 tribuendis
490 3288 590 3352 animi
616 3288 806 3374 virtutibus,
834 3290 880 3354 sic
907 3289 1087 3353 maleficam

85 3379 200 3441 nactus
228 3378 279 3440 est
305 3375 339 3440 in
366 3397 500 3459 corpore
527 3377 691 3462 fingendo:
720 3399 796 3441 nam
819 3381 853 3442 et
876 3380 1001 3441 statura
1024 3376 1087 3441 fuit

85 3464 201 3529 humili
220 3466 253 3528 et
271 3485 404 3548 corpore
424 3465 539 3550 exiguo
559 3469 592 3528 et
612 3464 745 3530 claudus
763 3467 870 3530 altero
884 3464 986 3546 pede.
1014 3483 1106 3538 apae

84 3573 137 3619 res
167 3551 265 3618 etiam
295 3552 488 3620 nonnullam
521 3553 686 3623 afferebat
718 3553 997 3624 deiorrmtatem,
1023 3546 1136 3614 ab&
1197 3602 1210 3649 Ι.
