2460 3848
400 207 472 264 XIV.
491 207 672 265 DATAMES.
702 215 778 263 l—t.
1048 208 1091 271 49

408 390 501 464 ΧΠ.
529 391 765 464 DATAMDS.

177 526 348 612 Datames,
377 532 471 612 patre
499 527 678 614 Camisare,
706 529 838 595 natione
867 527 961 613 Care,
988 528 1130 593 matrel

91 616 261 699 Scythissa
277 620 384 701 natus,
401 618 543 700 primum
561 619 704 682 militum
721 619 757 682 in
773 639 907 683 numero
925 616 989 682 fuit
1007 617 1093 700 apud

90 704 293 771 Artaxerxen
315 726 436 790 eorum,
460 706 515 788 qui
537 707 661 791 regiam
684 706 867 771 tuebantur.
907 710 1001 790 pater
1023 705 1092 770 eius

91 791 287 878 Camisares,
317 794 403 876 quod
425 797 459 858 et
482 794 697 859 manufortis
720 798 754 858 et
775 795 862 858 bello
887 798 1036 859 strenuus
1060 797 1093 857 et

90 881 161 966 regi
184 880 295 945 multis
318 882 399 946 locis
422 882 526 946 fidelis
550 886 621 948 erat
642 886 806 966 repertus,
828 882 944 946 habuit
965 881 1093 966 proxin—

91 969 175 1035 ciam
205 974 332 1054 partem
360 969 492 1035 Ciliciae
521 971 612 1035 iuxta
640 969 891 1055 Cappadociam,
924 992 1021 1053 quam
1047 970 1093 1033 in-

92 1059 203 1124 colunt
229 1057 413 1142 Leucosyri.
457 1057 614 1124 Datames
642 1059 783 1124 militare
810 1081 926 1123 munus
954 1057 1128 1143 fungensa

90 1147 245 1232 primum,
268 1146 373 1230 qualis
396 1151 496 1230 esset,
524 1148 651 1232 apemit
673 1148 707 1212 in
729 1148 830 1232 bello,
853 1147 939 1231 quod
962 1168 1019 1210 rex
1042 1145 1094 1210 ad-

91 1257 203 1301 versus
227 1233 384 1300 Cadusios
407 1235 518 1320 gessit.
562 1258 702 1319 namque
728 1235 782 1301 hic
805 1236 916 1320 magni
938 1234 1002 1300 fuit
1025 1234 1094 1299 cius

92 1346 198 1409 opera.
244 1345 307 1406 quo
337 1323 460 1388 factum
488 1328 551 1408 cst,
583 1346 656 1388 cum
682 1325 717 1388 in
744 1346 781 1390 eo
809 1325 895 1388 bello
925 1322 1095 1389 cecidisset

92 1412 285 1495 Camisares,
306 1416 342 1476 at
362 1416 498 1496 patema
521 1413 551 1476 ei
573 1413 756 1478 traderetur
777 1413 951 1497 provincia.

180 1498 258 1564 Pari
280 1521 314 1565 se
336 1500 457 1566 urtute
479 1505 594 1585 postea
620 1500 783 1585 praebuit,
813 1523 886 1566 cum
909 1499 1134 1584 Autophro2

92 1589 184 1653 dates
206 1589 297 1653 iussu
320 1588 406 1673 regis
429 1589 516 1653 bello
539 1592 786 1672 persequeretur
809 1610 864 1653 eos
892 1589 948 1671 qui
975 1587 1095 1652 defece·

93 1680 175 1742 rant.
220 1697 359 1758 namque
385 1677 482 1740 huius
511 1698 609 1759 opera
636 1677 762 1760 hostes,
795 1699 868 1740 cum
896 1679 1003 1740 castra
1029 1675 1096 1739 iam

94 1767 284 1847 intrassent,
315 1764 427 1827 multis
457 1763 588 1828 milibus
618 1764 783 1848 regiorum
814 1763 993 1828 interfectis
1024 1784 1096 1846 pro-

93 1853 200 1938 fligati
214 1855 290 1916 sunt
303 1853 526 1934 exercitusque
543 1852 686 1935 reliquus
701 1855 910 1917 conservatus
924 1852 1011 1936 regis
1031 1855 1095 1915 est:

93 1963 159 2025 qua
181 1962 220 2004 ex
242 1961 276 2003 re
299 1939 476 2004 maioribus
503 1941 599 2004 rebus
626 1962 775 2024 praeesse
803 1941 918 2024 coepit.
963 1944 1033 2006 erat
1057 1954 1130 2004 coa

93 2034 240 2112 tempore
254 2027 364 2111 Thuys
379 2028 531 2112 dynastes
545 2027 797 2114 Paphlagoniae,
816 2031 950 2114 antiquo
969 2049 1095 2114 genere,

93 2122 191 2200 ortus
209 2139 228 2181 a
250 2115 443 2200 Pylaemene
466 2117 537 2202 illo,
567 2139 662 2200 quem
685 2117 846 2182 Homerus
868 2118 985 2183 Troico
1007 2118 1094 2182 bello

94 2205 283 2272 aPatroclo
306 2205 514 2269 interfectum
533 2207 588 2270 ait.
623 2207 652 2270 is
675 2207 745 2292 regi
768 2206 855 2272 dicto
879 2206 1011 2271 audiens
1029 2228 1095 2271 non
1114 2219 1133 2267 3

92 2298 172 2360 erat.
208 2316 305 2376 quam
328 2295 369 2358 ob
394 2316 524 2359 causam
545 2294 632 2358 bello
656 2316 729 2358 eum
751 2294 901 2379 persequi
924 2294 1096 2359 constituit

93 2383 187 2465 eique
205 2383 253 2446 rei
270 2381 427 2466 praefecit
440 2380 610 2468 Datamen,
628 2383 846 2467 propinquum
859 2381 1096 2466 Paphlagonis:

93 2492 233 2553 namque
256 2493 296 2534 ex
317 2470 418 2534 fratre
442 2475 475 2533 et
493 2492 603 2535 sorore
621 2476 714 2535 erant
731 2471 810 2537 nati.
848 2492 945 2552 quam
963 2471 1005 2533 ob
1025 2492 1096 2534 cau-

95 2582 164 2625 sam
186 2558 342 2623 Datames
365 2559 507 2642 primum
530 2559 667 2642 experiri
694 2560 811 2643 voluit,
840 2562 878 2623 ut
905 2558 973 2622 sine
997 2559 1096 2622 armis

94 2647 311 2732 propinquum
334 2647 374 2710 ad
398 2646 540 2711 officium
562 2647 737 2712 reduceret.
773 2647 813 2712 ad
837 2668 933 2730 quem
955 2668 1028 2711 cum
1046 2669 1097 2712 ve-

93 2736 197 2800 uisset
219 2736 289 2799 sinc
311 2735 481 2818 praesidio,
505 2735 590 2818 quod
613 2735 653 2799 ab
677 2735 780 2800 amico
802 2735 909 2799 nullas
932 2739 1097 2800 vereretur

94 2823 241 2908 insidiae,
264 2845 365 2906 paene
387 2823 526 2888 interiit:
562 2846 638 2888 nam
661 2823 771 2906 Thuys
795 2846 869 2889 eum
892 2824 977 2888 clam
999 2823 1096 2888 inter-

94 2914 188 2978 ficere
211 2912 323 2977 voluit.
358 2916 428 2976 erat
450 2916 555 2975 mater
578 2934 651 2976 cum
668 2910 817 2997 Datame,
840 2912 941 2976 amita
959 2911 1132 2994 Paphla-4

95 3001 199 3086 gonis.
232 3023 269 3065 ea
288 3000 365 3083 quid
384 3004 534 3084 ageretur
551 2999 662 3064 resciit
684 2999 851 3084 filiumque
874 3000 1009 3064 monuit.
1040 2999 1095 3062 ille
1115 3015 1133 3064 5,

94 3087 173 3173 fuga
194 3089 372 3172 periculum
395 3088 529 3152 exitavit
551 3089 736 3170 bellumque
754 3088 871 3152 indixit
889 3087 1026 3171 Thuyni
1062 3087 1097 3152 in

96 3197 159 3258 quo
183 3198 256 3240 cum
279 3178 319 3240 ab
343 3177 575 3261 Ariobarzane,
597 3176 762 3261 praefecto
785 3176 906 3260 Lydiae
929 3180 963 3239 et
985 3175 1096 3240 Ioniae

95 3263 260 3346 totiusque
274 3263 445 3350 Phrygiae,
468 3265 613 3330 desertus
638 3269 732 3347 esset,
754 3265 857 3329 nihilo
877 3264 1008 3348 segnius
1027 3285 1097 3346 per-

95 3352 254 3417 severavit
272 3353 442 3436 vivumque
461 3353 578 3437 Thuyn
596 3354 682 3437 cepit
706 3375 779 3417 cum
800 3376 900 3418 uxore
924 3357 957 3415 et
975 3352 1097 3417 liberis.

184 3438 281 3506 Cuius
309 3439 389 3504 facti
415 3464 456 3506 ne
482 3442 572 3524 prius
599 3441 687 3505 fama
709 3442 750 3506 ad
772 3462 888 3526 regem
907 3462 1015 3521 quam
1029 3440 1153 3515 'xqse‘n

91 3528 287 3613 perveniret,
312 3529 400 3594 dedit
423 3552 566 3618 operam.
610 3531 728 3618 itaque
752 3529 915 3597 omnihus
932 3523 1062 3587 insciis
1083 3537 1146 3588 aas

136 3641 274 3684 ocassnms
288 3644 378 3686 eros.
969 3629 992 3672 h
