2460 3848
426 214 525 270 XXIV.
544 214 648 271 CATO.
677 221 701 270 2.
722 223 746 272 3.
1054 217 1096 282 99

91 360 265 427 Africanus
294 359 406 424 consul
438 359 570 443 iterum,
604 360 693 425 ouius
724 359 760 424 in
788 361 896 444 priore
926 363 1097 426 consulatu

91 453 244 533 quaestor
266 447 381 532 fuerat,
406 448 510 512 voluit
532 468 606 512 eum
629 447 668 512 dc
690 448 857 532 provincia
880 449 1039 533 depellere
1063 454 1097 515 et

90 539 160 622 ipsc
192 537 222 600 ei
254 537 438 620 succedere,
469 557 573 619 ncque
603 535 666 600 hoo
697 557 755 619 per
787 540 936 602 senatum
969 537 1095 602 efficere

90 625 212 709 potuit,
244 646 318 690 curn
347 623 477 707 quidem
505 621 613 707 Scipio
645 623 865 709 principatum
896 626 931 689 in
963 626 1095 690 civitate

92 714 266 797 obtineret,
293 712 380 795 quod
406 716 477 776 tum
502 732 569 776 non
595 711 756 797 potentia,
786 713 842 777 scd
868 713 937 778 iure
960 735 1012 778 res
1038 736 1095 798 pu·

90 802 177 866 blica
200 799 497 866 administrabatur.
538 821 602 884 qua
625 821 664 863 ex
685 821 720 864 re
742 800 846 866 iratus
870 803 998 867 senatui
1026 822 1095 868 coa·

90 891 194 956 saluta
207 892 339 973 peracto
353 889 500 972 privatus
513 887 548 952 in
565 888 645 953 urbe
664 888 793 953 mansit.
823 893 858 952 at
871 888 963 974 (lato,
982 911 1095 956 consor
1113 905 1130 954 u

92 1000 165 1044 cum
183 977 295 1042 eodem
312 975 431 1041 Flacco
454 975 569 1060 factus,
593 997 701 1041 severe
722 976 864 1060 praefuit
882 977 911 1041 ei
928 979 1095 1062 potestati.

90 1088 167 1132 nam
190 1066 280 1130 etin
303 1064 484 1148 complurcs
511 1064 638 1130 nobiles
666 1064 895 1130 animadvertit
918 1070 952 1129 et
975 1066 1095 1132 multas

91 1176 142 1220 res
164 1175 266 1220 novas
293 1153 328 1217 in
356 1152 498 1216 edictum
525 1153 661 1237 addidit,
689 1174 753 1236 qua
780 1175 814 1217 re
842 1153 970 1218 luxuria
997 1154 1096 1238 repri-

91 1247 246 1325 meretur,
270 1262 351 1324 quac
374 1240 440 1305 iam
463 1244 534 1305 tum
556 1240 732 1324 incipiebat
754 1242 921 1325 pullulare.
967 1242 1131 1308 circiterl

92 1352 193 1397 annos
217 1329 394 1414 octoginta,
416 1349 518 1412 usquc
541 1328 581 1392 ad
604 1333 782 1394 extremam
800 1333 943 1395 aetatem
961 1330 1002 1395 ab
1021 1331 1096 1396 adu-

90 1419 256 1502 lescentia,
278 1417 326 1480 rei
347 1416 496 1500 publicae
520 1437 617 1481 causa
640 1417 802 1500 suscipere
824 1417 1012 1484 inimicitias
1029 1440 1097 1483 non

91 1507 227 1572 destitit.
260 1504 405 1569 amultis
420 1508 565 1569 tentatus
583 1526 649 1569 non
667 1505 763 1570 modo
780 1506 908 1570 nullum
925 1506 1096 1571 detrimen·

91 1601 163 1661 tum
190 1592 440 1659 existimationis
468 1591 559 1676 fecit,
587 1593 656 1676 sed,
684 1593 791 1676 quoad
813 1593 908 1678 vixit,
937 1594 1096 1659 virtutum

91 1685 185 1750 laude
210 1682 319 1748 crevit

179 1769 219 1835 In
242 1769 392 1835 omnibus
414 1769 511 1832 robus
538 1768 696 1854 singulari
726 1768 789 1832 fuit
815 1768 989 1833 industria:
1020 1770 1135 1835 nam3

92 1865 126 1926 et
144 1858 288 1946 agricola
306 1857 420 1921 sollers
439 1859 472 1920 et
489 1856 613 1940 peritus
631 1856 711 1921 iuris
726 1857 892 1921 consultus
907 1861 940 1920 et
958 1878 1095 1943 magnus

92 1950 271 2034 imperator
298 1949 331 2009 et
358 1944 537 2028 probabilis
565 1948 676 2009 orator
698 1949 733 2009 et
755 1944 982 2029 cupidissimus
1009 1946 1096 2010 litte·

58 2117 60 2122 .
91 2058 202 2102 rarum
229 2034 300 2098 fuit.
346 2053 482 2116 quarum
509 2033 653 2097 studium
680 2033 743 2098 etsi
771 2033 878 2098 senior
906 2034 1130 2120 arripuerat,2

92 2132 202 2192 tamen
224 2125 353 2187 tantum
375 2141 586 2206 progressum
615 2121 706 2205 fecit,
728 2125 766 2187 ut
792 2142 859 2185 non
885 2121 980 2188 facilc
1008 2144 1096 2207 repe

91 2215 149 2280 riri
172 2211 404 2299 possitneque
427 2210 465 2273 de
490 2208 622 2275 Graccis
643 2231 748 2294 neque
771 2209 810 2273 de
836 2208 962 2275 Italicis
989 2211 1096 2294 rebus,

93 2303 178 2388 quod
201 2301 232 2365 ei
257 2298 359 2364 fuerit
386 2298 597 2383 incognitum.
643 2304 683 2362 ab
711 2298 930 2362 adulescentia
958 2297 1096 2363 confecit

93 2390 265 2455 orationes.
311 2408 408 2451 senex
433 2385 590 2450 historias
619 2386 759 2451 scribere
785 2385 940 2449 instituit.
985 2401 1130 2450 earum3

93 2481 170 2543 sunt
191 2475 269 2540 libri
292 2478 426 2557 septem
459 2473 583 2556 primus
607 2473 752 2538 continet
773 2494 825 2537 res
848 2476 958 2558 gestas
981 2494 1096 2558 regum

92 2564 205 2652 populi
235 2562 393 2645 Romani,
429 2561 586 2643 secundus
618 2564 651 2624 et
687 2560 803 2625 tertius
834 2560 919 2625 undo
951 2583 1096 2645 quaeque

94 2655 208 2719 civitas
237 2653 310 2716 orta
337 2650 381 2713 sit
408 2646 536 2733 Italica,
566 2648 608 2713 ob
637 2670 734 2732 quam
761 2670 830 2712 rem
854 2670 966 2713 omncs
990 2647 1095 2734 Origi-

92 2764 149 2808 nes
185 2739 312 2805 vidctur
354 2736 542 2821 appellasse.
596 2736 631 2800 in
667 2740 782 2819 quarto
824 2740 933 2801 autem
973 2737 1095 2802 bellum

93 2829 269 2896 Poenicum
299 2828 349 2890 est
379 2824 534 2909 primum,
560 2824 596 2888 in
626 2825 739 2908 quinto
768 2825 952 2890 secundum.
997 2829 1130 2908 atque4

92 2921 171 2985 haec
200 2915 308 2982 omnia
336 2912 541 2997 capitulatim
569 2915 645 2977 sunt
675 2913 769 2977 dicta.
814 2913 940 2997 reliqua
968 2935 1094 2997 quoquc

92 3008 180 3073 bella
206 3004 277 3090 pari
304 3002 400 3067 modo
427 3004 616 3086 persecutus
639 3004 813 3085 estusque
842 3001 882 3065 ad
908 3005 1095 3085 praeturam

95 3095 162 3161 Ser.
195 3091 332 3176 Galbae,
365 3090 421 3174 qui
452 3089 587 3173 diripuit
617 3086 812 3153 Lusitanos:
849 3093 946 3172 atque
977 3089 1095 3154 horum

93 3184 253 3248 bellorum
285 3181 381 3245 duces
407 3199 474 3242 non
504 3177 698 3261 nominarit,
730 3176 786 3242 sed
813 3176 882 3241 sinc
909 3177 1094 3241 nominibus

93 3293 145 3337 res
171 3269 308 3336 notavit.
352 3268 387 3331 in
413 3266 534 3331 eisdem
561 3266 723 3350 exposuit,
753 3287 835 3349 quse
862 3265 897 3329 in
919 3264 1016 3329 Italia
1038 3264 1096 3328 Hi·
1143 3326 1147 3332 .

94 3359 279 3445 spaniisque
304 3358 374 3436 [aut
395 3355 510 3419 fierent
533 3356 602 3436 aut]
625 3353 810 3419 viderentur
833 3353 1031 3418 admiranda:
1061 3352 1096 3416 in

94 3449 211 3534 quibus
235 3446 339 3509 multa
360 3443 520 3509 industria
543 3446 576 3507 et
603 3442 773 3528 diligentia
801 3445 983 3524 comparet,
1006 3441 1104 3503 nulla

93 3537 248 3603 doctrina.

935 3623 979 3672 q*
