2460 3848
303 213 307 220 ’
427 223 474 278 IV.
493 222 704 281 PAUSANIAS.
733 229 758 281 b.
1051 226 1092 290 19

87 367 145 432 vit.
182 368 229 432 sic
247 367 424 432 Pausanias
444 388 595 452 magnam
613 368 692 431 belli
715 369 852 455 gloriam
875 370 965 453 turpi
987 375 1091 435 morte

88 455 272 521 maculavit.
317 456 407 521 cuius
430 455 551 520 mortui
574 477 690 539 corpur
714 479 787 521 cum
811 457 923 521 eodem
944 459 1126 523 nonnullis

88 544 232 610 haerent
264 542 377 608 inferri
405 547 568 627 oportere,
601 565 664 627 quo
694 545 718 608 ii
746 545 801 628 qui
829 546 869 609 ad
897 546 1092 630 supplicium

88 636 198 697 essent
220 631 302 717 dati,
328 631 495 716 displicuit
517 632 679 715 pluribus,
701 636 734 696 et
756 633 869 717 procul
894 634 934 697 ab
958 655 996 698 eo
1019 635 1091 699 loco

87 720 282 804 infodenmt,
305 740 369 803 quo
393 724 463 784 erat
485 723 642 784 mortuus.
665 719 739 784 inde
762 721 924 805 posterius
947 722 996 786 otei
1017 720 1091 786 Del·

87 808 176 893 phici
198 829 354 892 responso
378 811 489 872 erutus
512 810 609 891 atque
633 808 746 873 eodem
774 810 846 874 loco
871 811 1016 893 sepultus
1039 815 1091 894 est,

87 897 144 960 ubi
166 896 267 961 vitam
289 900 452 980 posuerat.

473 1197 516 1270 V.
544 1197 703 1271 CIMON.

174 1335 299 1419 Cimon,
312 1333 469 1401 Miltiadis
483 1336 579 1419 filius,
588 1333 808 1418 Atheniensis,
821 1335 902 1400 duro
916 1336 1089 1402 admodum
1108 1335 1126 1400 l

86 1424 181 1489 initio
210 1445 289 1488 usus
319 1428 370 1488 est
399 1423 643 1490 adulescentiae.
687 1445 763 1488 nam
790 1444 864 1488 cum
895 1429 988 1508 pater
1020 1427 1088 1490 eius

86 1511 178 1576 litem
211 1511 417 1577 aestimatam
447 1513 568 1597 populo
600 1511 724 1576 solvere
755 1533 821 1576 non
852 1513 1014 1596 potuisset
1046 1514 1087 1578 ob

87 1621 221 1683 eamque
240 1621 371 1665 causam
392 1601 427 1665 in
449 1600 564 1665 vinclis
587 1599 725 1683 publicis
749 1600 949 1684 decessisset,
972 1599 1088 1666 Cimon

87 1688 197 1753 eadem
216 1688 363 1752 custodia
386 1689 559 1753 tenebatur
575 1708 679 1769 neque
697 1686 825 1771 legibus
839 1685 1088 1752 Atheniensium

86 1776 193 1841 emitti
210 1779 349 1859 poterat,
366 1776 430 1840 nisi
448 1775 628 1859 pecuniam,
647 1796 710 1856 qua
727 1778 821 1857 pater
834 1775 992 1840 multatus
1009 1780 1087 1861 erat,

86 1864 247 1929 solvisset.
282 1863 425 1928 habebat
448 1867 556 1927 autem
577 1863 612 1926 in
630 1861 837 1926 matrimonio
856 1884 1001 1927 sororem
1020 1886 1088 1950 ger·
1106 1878 1122 1927 2

86 1973 216 2017 mauam
243 1972 349 2035 suam,
376 1952 507 2016 nomine
534 1950 718 2034 Elpinicen,
748 1972 815 2015 non
845 1952 949 2037 magis
977 1973 1087 2017 amore

86 2062 183 2124 quam
201 2061 291 2104 more
304 2039 434 2104 ductus:
456 2059 595 2122 namque
609 2038 864 2103 Atheniensibus
883 2040 961 2104 licet
975 2041 1087 2105 eodem

84 2133 177 2213 patre
208 2131 303 2192 natas
334 2149 451 2192 uxores
483 2127 607 2192 ducere.
651 2127 747 2191 huius
777 2128 920 2213 coniugii
951 2128 1120 2213 cupidusa

85 2216 206 2283 Callias
229 2217 370 2300 quidam,
390 2237 457 2280 uon
479 2219 548 2280 tam
570 2236 745 2301 generosus
768 2237 866 2300 quam
883 2217 1086 2301 pecuniosus,

86 2306 141 2389 qui
168 2325 303 2391 magnas
330 2304 483 2388 pecunias
509 2326 549 2368 ex
575 2304 717 2368 metallis
749 2303 883 2387 fecerat,
915 2305 984 2388 egit
1012 2326 1086 2369 cum

86 2391 219 2459 Cimone
243 2397 281 2457 ut
303 2413 375 2457 eam
398 2393 462 2456 sibi
483 2412 617 2457 uxorem
639 2391 744 2456 daret:
766 2391 800 2457 id
824 2392 852 2455 si
870 2391 1086 2476 impetrasset,

86 2502 120 2546 se
142 2502 202 2566 pro
225 2481 283 2545 illo
304 2481 475 2564 pecuniam
502 2480 694 2545 soluturum.
738 2479 767 2543 is
791 2501 864 2543 cum
891 2479 991 2543 talem
1014 2495 1121 2544 con-4

87 2569 245 2634 dicionem
268 2572 507 2652 aspernaretur,
535 2567 684 2651 Elpinice
705 2567 838 2653 negavit
861 2587 894 2630 se
917 2588 1085 2650 passuram

85 2656 244 2721 Miltiadis
267 2657 455 2740 progeniem
477 2656 512 2719 in
533 2654 648 2719 vinclis
670 2655 809 2739 publicis
836 2655 981 2740 interire,
1009 2677 1086 2740 quo·

85 2744 173 2810 niam
195 2742 366 2828 prohibere
388 2747 509 2828 posset,
531 2765 628 2825 seque
647 2741 768 2808 Calliae
790 2746 974 2828 nupturam,
997 2744 1025 2808 si
1048 2767 1086 2809 aa

86 2854 168 2917 quae
190 2830 399 2916 polliceretur
420 2831 647 2915 praestitisset.

173 2918 245 2984 Tali
267 2918 363 2984 modo
386 2918 533 2984 custodia
554 2919 711 2983 liberatus
735 2916 852 2983 Cimon
874 2919 1023 2983 celeriter
1045 2921 1085 2983 od
1103 2920 1124 2984 2

85 3009 303 3094 principatum
320 3007 475 3092 pervenit.
511 3006 654 3070 habebat
671 3007 756 3071 enim
775 3007 855 3070 satis
873 3007 1085 3091 eloquentiae,

87 3119 246 3162 summam
264 3096 504 3178 liberalitatem,
522 3115 672 3180 magnam
689 3094 895 3178 prudentiam
913 3116 987 3159 cum
1005 3094 1084 3159 iuris

87 3185 190 3251 civilis
213 3189 284 3250 tum
307 3184 354 3248 rei
377 3183 544 3267 militaris,
567 3182 653 3266 quod
675 3205 749 3247 cum
770 3187 863 3267 patre
886 3205 906 3246 a
927 3202 1027 3265 puero
1050 3183 1086 3246 in

86 3273 280 3338 exercitibus
311 3271 418 3336 fuerat
444 3275 600 3336 versatus.
644 3271 754 3354 itaque
783 3271 837 3336 hic
867 3275 900 3335 et
928 3269 1085 3353 populum

85 3361 245 3426 urbanum
272 3361 306 3424 in
334 3382 392 3425 sua
419 3359 524 3424 tenuit
550 3363 713 3443 potestate
741 3363 774 3423 et
801 3359 886 3442 apud
909 3357 1084 3422 exercitum

84 3450 261 3536 plurimum
282 3449 386 3514 valuit
408 3448 610 3513 auctoritate.
646 3447 791 3532 primum
805 3447 993 3528 imperator
1009 3445 1146 3518 aenea

85 3539 205 3604 flumen
233 3535 406 3622 Strymona
435 3559 574 3627 magnas
607 3537 724 3624 copias
745 3518 1142 3677 ‘lbraeauxagssw‘be
