2460 3848
411 200 445 256 11.
469 201 749 258 THEMISTOOLES.
777 208 855 258 2-4.
1099 202 1120 266 9

117 369 138 411 a
156 346 214 412 deo
234 346 411 432 significari
429 368 557 410 murum
575 346 728 432 ligneum.
757 346 815 410 tali
832 346 966 412 consilio
981 348 1119 430 probato
1138 362 1155 412 s

118 435 240 499 addunt
268 435 307 498 ad
335 434 516 518 superiores
545 434 682 498 totidem
706 455 803 499 naves
827 435 975 499 triremes
999 456 1120 518 suaque

118 523 236 607 omnia,
255 544 336 606 quae
353 522 476 587 moveri
494 526 655 606 poterant,
673 523 794 605 partim
809 521 981 608 Salamina,
999 524 1117 606 partim

118 610 280 674 Troezena
293 610 480 693 deportant:
500 631 606 675 arcem
624 610 844 674 sacerdotibus
863 611 1038 694 paucisque
1056 632 1122 674 ma·

117 698 242 762 ioribus
269 702 350 762 natu
373 699 412 762 ad
441 719 531 763 sacra
557 699 759 781 procuranda
786 698 933 783 tradunt,
960 699 1121 783 reliquum

119 786 273 870 oppidum
295 786 492 869 relinquunt.

205 873 311 939 Huius
335 874 506 940 consilium
529 874 691 958 plerisque
716 875 904 940 civitatibus
927 875 1120 959 displicebat
1139 875 1160 940 3

119 967 152 1027 et
169 962 236 1026 int
222 967 309 1027 terra
327 962 474 1027 dimicari
492 962 597 1048 magis
616 963 773 1046 placebat.
805 963 916 1047 itaque
935 963 1027 1027 missi
1046 968 1122 1027 sunt

119 1050 234 1116 delecti
253 1073 326 1115 curn
339 1050 491 1134 Leonida,
509 1049 837 1115 Lacedaemoniorum
851 1072 937 1137 rege,
956 1073 1011 1135 qur
1002 1051 1122 1115 '·Ther

119 1139 266 1222 mopylas
287 1142 481 1239 occuparent
499 1138 692 1223 longiusque
711 1140 867 1203 barbaros
885 1138 1037 1224 progredi
1055 1160 1122 1203 non

118 1248 160 1310 pa
161 1230 315 1292 t.erentur
360 1226 385 1290 ii
408 1226 474 1290 vim
500 1226 587 1290 host'
563 1230 645 1291 trum
672 1248 738 1291 non
768 1226 992 1292 sustinuerunt
1019 1248 1121 1310 eoque

118 1315 190 1380 loco
210 1336 379 1379 omnesm
344 1313 546 1379 interierunt.
580 1319 616 1379 at
634 1315 746 1380 classis
766 1315 946 1380 communis
967 1312 1155 1379 Graeciaes

119 1406 337 1467 trecentarum
359 1403 498 1486 navium,
520 1403 555 1466 in
579 1424 642 1486 qua
660 1403 816 1468 ducentae
836 1407 991 1467 erantt
945 1401 991 1467 At
992 1402 1121 1467 henien-

119 1490 219 1573 sium,
241 1491 382 1574 primum
404 1491 489 1574 apud
511 1489 576 1554 Art
562 1491 728 1556 temisium
750 1491 836 1555 inter
857 1491 1026 1556 Euboeam
1049 1512 1122 1555 con·

119 1578 340 1662 tinentemque
372 1582 493 1642 terram
525 1599 599 1644 cum
631 1579 806 1644 classiariis
838 1579 937 1665 regiis
968 1578 1121 1644 conflixit.

119 1666 286 1751 angustias
315 1666 401 1731 enim
427 1666 663 1730 Themistocles
692 1667 881 1751 quaerebat,
907 1688 948 1730 ne
975 1666 1121 1730 multitu·

118 1753 191 1818 dine
211 1754 443 1819 circumiretur.
480 1753 556 1818 hinc
575 1754 638 1817 etsi
656 1754 728 1836 pari
750 1753 873 1837 proelio
898 1754 1157 1837 discesserants

119 1845 229 1905 tamen
251 1842 363 1906 eodem
386 1842 457 1905 loco
481 1862 547 1905 non
569 1844 646 1905 sunt
668 1841 739 1906 ausi
765 1862 908 1926 manere,
939 1840 1025 1925 quod
1052 1845 1122 1905 erat

118 1929 307 2013 perieulum,
325 1950 375 2013 ne,
394 1929 422 1992 si
440 1950 515 2013 pars
534 1929 664 1993 navium
684 1929 940 1994 adversariorum
953 1929 1122 1994 Euboeam

119 2021 312 2100 superasset,
335 2016 470 2101 ancipiti
487 2021 709 2100 premerentur
727 2018 879 2101 periculo.
915 2038 979 2101 quo
998 2017 1121 2082 factum
1139 2033 1157 2081 4

119 2109 170 2169 est
183 2109 221 2169 ut
235 2105 275 2168 ab
290 2104 468 2169 Artemisio
487 2105 687 2170 discederent
704 2109 737 2169 et
751 2107 960 2171 exadversum
974 2104 1121 2170 Athenas

119 2193 204 2276 apud
228 2191 392 2257 Salamina
416 2193 553 2257 classem
576 2215 668 2258 suam
691 2194 935 2259 constituerent.

205 2280 252 2365 At
274 2280 397 2346 Xerxes
420 2280 646 2366 Thermopylis
675 2282 867 2366 expugnatis
895 2281 1044 2365 protinus
1073 2281 1162 2345 ac-4

119 2369 218 2434 cessit
236 2373 310 2433 astu
327 2369 424 2452 idque
442 2369 541 2433 nullis
561 2369 805 2434 defendentibus
823 2369 1004 2434 interfectis
1020 2389 1122 2433 sacer-

119 2457 260 2541 dotibus,
279 2478 359 2540 quos
378 2457 413 2521 in
431 2478 503 2521 arce
517 2457 692 2542 invenerat,
709 2456 857 2522 incendio
871 2456 998 2521 delevit.
1031 2455 1121 2520 cuius
1140 2472 1156 2521 a

119 2545 249 2608 flamma
271 2545 436 2628 perterriti
459 2545 617 2609 classiarii
641 2567 714 2610 cum
737 2566 866 2609 manere
884 2565 950 2608 non
968 2544 1123 2608 auderent

120 2636 153 2696 et
184 2632 317 2716 plurimi
348 2632 571 2717 hortarentur,
602 2637 640 2697 ut
671 2633 784 2697 domos
816 2653 890 2696 suas
922 2631 1123 2697 discederent

121 2719 354 2802 moenibusque
369 2741 402 2783 se
421 2719 635 2804 defenderent,
653 2720 888 2785 Themistocles
902 2741 984 2784 unus
998 2719 1122 2785 restitit

120 2812 154 2873 et
176 2807 344 2872 universos
367 2828 460 2891 pares
484 2829 554 2872 esse
577 2829 672 2891 posse
696 2808 816 2891 aiebat,
839 2808 1000 2891 dispersos
1025 2811 1122 2886 testa-

119 2897 217 2961 batur
238 2895 411 2980 perituros,
433 2895 530 2978 idque
552 2895 741 2979 Eurybiadi,
763 2896 834 2980 regi
856 2895 1123 2961 Lacedaemonio·

119 3005 201 3069 rum,
218 2984 274 3068 qui
288 2988 360 3048 tum
374 3004 519 3047 summas
533 2983 662 3067 imperii
675 2987 832 3068 praeerat,
845 2983 914 3047 fore
929 2983 1122 3047 affirmabat.

121 3093 216 3155 quem
239 3094 312 3137 cum
336 3072 442 3136 minus
467 3093 564 3154 quam
586 3071 685 3135 vellet
707 3075 861 3155 moveret,
883 3075 983 3136 noctu
1002 3071 1040 3134 de
1060 3087 1157 3136 ser-s

119 3160 169 3223 ris
193 3161 259 3225 suis
284 3181 380 3244 quem
401 3159 517 3224 habuit
503 3159 763 3226 tfidelissimum
781 3160 822 3224 ad
826 3181 950 3260 ..regem
968 3158 1068 3241 misit,
1085 3161 1123 3221 ut

120 3248 151 3311 ei
172 3249 338 3312 nuntiaret
361 3248 428 3313 suis
447 3247 564 3330 verbis,
587 3247 832 3312 adversarios
805 3269 873 3312 erus
892 3247 926 3311 in
944 3247 1022 3332 fuga
1040 3266 1122 3310 esse:

121 3335 177 3419 qui
195 3337 223 3401 si
242 3335 475 3420 discessissent,
492 3335 614 3399 maiore
629 3356 702 3400 cum
720 3335 831 3399 labore
846 3339 879 3399 et
897 3333 1127 3430 longinquiore
1141 3350 1158 3399 4

119 3427 266 3508 tempore
288 3424 411 3488 bellum
434 3422 665 3525 confecturum,
688 3444 762 3487 cum
780 3422 934 3506 singulos
950 3419 1149 3483 consectam

119 3515 304 3598 cogeretur·
326 3532 407 3596 quos
422 3512 450 3578 si
465 3511 583 3579 statim
597 3506 976 3602 aggrederetur,breu'x
982 3501 1176 3561 uniuersos
