2460 3848
164 212 207 274 64
462 209 533 266 XVI.
552 208 758 265 PELOPIDAS.
787 213 865 264 3-5,

165 377 226 439 que
240 355 340 420 dediti
354 377 455 438 usque
470 377 507 420 eo
522 354 745 438 despexerunt,
763 358 855 419 utne
871 375 1024 437 quaerere
1039 354 1170 438 quidem

128 445 202 509 ade
235 448 328 509 tanta
357 465 391 508 rc
424 443 612 508 laborarint.
658 443 795 508 accessit
822 442 908 526 quod
936 444 1036 508 etiam
1064 445 1169 530 magis

164 533 304 616 aperiret
328 554 440 597 corum
467 531 673 596 dementiam.
719 531 821 595 allata
844 534 895 595 est
918 531 1004 596 enim
1027 531 1170 616 epistula

163 621 303 685 Athenis
330 622 371 684 ab
398 619 538 704 Archia,
571 642 634 685 uno
663 640 702 684 ex
730 619 771 683 iis
798 621 853 701 qai
878 621 976 686 sacas
1000 625 1171 702 praeerant

162 709 349 793 Eleusinia,
372 707 525 790 Archiae,
556 709 612 792 qui
639 712 710 772 tum
737 708 915 773 maximum
938 709 1169 795 magistratum

163 797 283 862 Thebis
303 797 481 882 obtinebat,
503 797 538 860 in
560 818 625 879 qua
648 796 756 860 omnia
778 796 817 861 do
835 795 1037 881 profectione
1055 819 1169 862 eorum

163 885 344 969 perscripta
371 889 471 950 erant.
517 906 599 968 quae
627 906 700 950 cum
732 884 798 948 iam
830 885 1001 950 accubanti
1033 886 1069 950 in
1096 907 1169 951 con-

163 974 249 1039 vivio
268 978 354 1039 esset
371 975 456 1057 data,
475 973 559 1038 sicut
578 976 648 1036 erat
667 973 804 1058 signata,
823 974 883 1037 sub
897 974 1068 1057 pulvinum
1082 974 1169 1039 subi·

128 1062 251 1127 sciens
275 1062 320 1126 ‘in
343 1061 531 1126 crastinum'
554 1061 661 1144 inquit
684 1059 808 1126 ‘differo
831 1083 883 1125 res
907 1061 1028 1126 serias.²
1065 1061 1169 1126 atilli

164 1172 289 1234 omnes,
317 1173 390 1215 oum
417 1150 484 1213 iam
505 1171 570 1213 nox
596 1149 822 1234 processisset,
849 1149 1007 1215 vinolenti
1029 1151 1069 1214 ab
1093 1170 1168 1214 exu-

162 1239 249 1303 libus
272 1240 351 1303 ducc
365 1236 520 1321 Pelopida
543 1241 619 1302 sunt
637 1237 809 1302 interfecti.
846 1238 964 1321 quibus
983 1238 1078 1302 rebus
1093 1259 1167 1302 con·

163 1327 268 1410 fectis,
291 1326 388 1411 vulgo
403 1326 444 1390 ad
465 1347 555 1390 arma
573 1326 823 1408 libertatemque
838 1331 963 1411 vocato,
981 1348 1046 1392 non
1059 1326 1167 1391 solum

165 1415 220 1497 qui
250 1415 284 1478 in
310 1415 390 1479 urbe
418 1417 524 1498 erant,
552 1415 607 1478 sed
635 1414 735 1478 etiam
758 1414 898 1497 undique
921 1436 960 1479 ex
983 1415 1070 1500 agris
1094 1435 1167 1480 con-

164 1507 342 1587 currerunt,
371 1502 568 1586 praesidium
590 1500 920 1567 Lacedaemoniorum
947 1524 986 1567 cx
1014 1524 1086 1567 arce
1113 1525 1166 1587 pc

163 1592 324 1676 pulerunt,
349 1591 489 1675 patriam
512 1590 679 1656 obsidione
702 1591 892 1676 liberarunt,
914 1595 1062 1656 auctores
1086 1588 1167 1655 (iad-

163 1701 253 1744 meae
272 1680 474 1763 occupandas
492 1679 614 1763 partim
633 1679 828 1763 occiderunt,
846 1679 967 1763 partim
985 1677 1167 1744 inexilium

164 1769 334 1833 eiecerunt.

127 1855 150 1920 4
250 1856 323 1922 Hoc
346 1860 415 1921 tam
437 1857 567 1922 turbido
591 1861 747 1942 tempore,
770 1857 855 1920 sicut
873 1877 971 1940 supra
989 1855 1168 1938 docuimus,

163 1944 414 2028 Epaminondas,
437 1945 541 2027 quoad
561 1967 634 2008 cum
652 1944 775 2009 civibus
794 1945 984 2008 dimicatum
1001 1947 1061 2029 est,
1078 1943 1167 2009 domi

164 2032 293 2115 quietus
315 2031 387 2095 fuit.
425 2031 535 2115 itaque
557 2033 637 2097 haec
660 2033 871 2097 liberatarum
888 2031 1073 2096 Thebarum
1095 2053 1168 2116 pro

163 2120 235 2203 pria
258 2120 328 2184 laus
352 2122 403 2183 est
424 2118 612 2204 Pelopidae,
642 2123 766 2185 ceterae
794 2119 861 2185 fere
885 2142 1069 2185 communes
1094 2142 1167 2185 cum

129 2223 145 2271 2
163 2207 397 2292 Epaminonda.
432 2228 570 2290 namque
592 2209 628 2272 ic
650 2207 819 2273 Leuctrica
841 2229 950 2294 pugna
972 2209 1167 2293 imperatore

163 2296 389 2381 Epaminonda
410 2295 464 2360 hic
486 2295 550 2360 fuit
574 2296 637 2361 dux
655 2297 796 2361 delectae
815 2318 939 2382 manus,
963 2318 1044 2381 quac
1062 2297 1168 2381 prima

129 2385 357 2472 aphalangem
388 2384 567 2469 prostravit
595 2384 768 2450 Laconum.
819 2384 968 2450 omnibus
1000 2389 1168 2470 praeterea

163 2474 316 2557 periculis
339 2474 404 2539 etas
426 2473 518 2537 affuit
541 2469 653 2558 (sicut,
683 2470 834 2557 Spartam
858 2495 931 2539 cum
959 2473 1168 2558 oppugnavit,

165 2563 303 2627 alterum
327 2562 432 2627 tenuit
455 2559 578 2646 cornu),
601 2582 727 2644 quoque
746 2560 895 2626 Messena
918 2562 1051 2627 celerius
1074 2561 1168 2624 resti·

165 2653 319 2733 tueretur,
336 2651 464 2736 legatus
478 2649 513 2713 in
525 2649 642 2713 Persas
657 2654 708 2714 est
726 2649 899 2734 profectus.
939 2650 1073 2733 denique
1086 2647 1168 2714 haec

164 2737 228 2801 fuit
251 2738 354 2801 altera
375 2759 514 2822 persona
526 2738 656 2821 Thebis,
679 2738 735 2803 sed
758 2742 868 2802 tamen
890 2737 1029 2803 secunda
1050 2737 1107 2821 ita,
1130 2741 1169 2802 ut

164 2825 313 2909 proxima
335 2829 421 2890 esset
442 2825 693 2909 Epaminondae.

129 2914 151 2979 5
254 2911 466 2978 Conflictatus
482 2919 590 2979 autem
603 2918 653 2978 est
667 2915 767 2978 etiam
781 2915 915 2980 adversa
927 2913 1067 2978 fortuna.
1092 2935 1170 2978 nam

166 3007 199 3067 et
222 3001 326 3085 initio,
350 3002 434 3066 sicut
458 3003 666 3086 ostendimus,
689 3004 762 3067 exul
781 3003 889 3086 patria
907 3000 1011 3065 caruit
1030 3004 1072 3084 et,
1095 3023 1170 3066 cum

165 3091 366 3155 Thessaliam
398 3091 432 3153 in
463 3095 660 3174 potestatem
692 3091 919 3156 Thebanorum
955 3093 1087 3172 cuperet
1123 3111 1170 3154 rc

165 3179 274 3265 digere
297 3179 535 3264 legationisque
558 3180 627 3244 iure
651 3180 731 3244 satis
750 3183 874 3244 tectum
893 3198 927 3241 se
946 3178 1170 3264 arbitraretur,

166 3266 252 3350 quod
276 3267 360 3350 apud
384 3288 494 3331 omnes
518 3271 631 3352 gentes
656 3271 804 3333 sanctum
827 3287 897 3330 esse
921 3271 1124 3350 consuesset,
1151 3291 1172 3330 a

167 3358 305 3438 tyranno
328 3353 512 3420 Alexandro
535 3355 681 3420 Pheraeo
704 3355 801 3420 simul
825 3375 898 3419 cum
923 3353 1065 3419 Ismenia
1087 3377 1172 3420 com·

131 3457 147 3506 2
165 3443 343 3525 prehensus
366 3444 400 3506 in
423 3443 528 3508 vincla
552 3443 715 3508 coniectus
734 3447 793 3508 est.
825 3442 911 3508 huno
928 3443 1172 3527 Epaminondas

156 3531 380 3617 recuperavit,
417 3531 502 3596 bello
533 3553 731 3618 persequens
760 3530 988 3599 Alexandrum.
1032 3535 1106 3615 post
1138 3532 1174 3596 id

1106 3698 1169 3811 ss
1206 3802 1215 3811 ..
