2460 3848
128 213 171 278 80
445 210 517 266 XIX
536 210 707 268 Pfloclon.
737 218 814 268 1-3.

127 357 281 441 Philippo
304 379 438 422 munera
460 378 598 443 magnae
612 376 615 381 ·
629 357 784 442 pecuniae
807 357 992 442 repudiaret
1017 358 1132 444 legati·

128 468 190 530 que
207 446 418 511 hortarentur
436 446 581 530 accipere
599 445 760 530 simulque
778 446 997 530 admonerent,
1015 446 1043 510 si
1061 446 1133 530 ipse

128 533 169 598 iis
192 532 287 599 facile
311 538 445 619 careret,
467 535 580 600 liberis
602 538 714 599 tamen
735 534 802 599 suis
825 535 1041 618 prospiceret,
1064 534 1133 617 qni·

128 622 190 687 bus
212 621 345 688 difficile
367 627 455 688 esset
476 623 511 688 in
528 644 656 688 summa
672 626 864 706 paupertate
883 625 1009 687 tantam
1027 626 1133 707 pater-

93 724 205 775 snam
228 711 314 776 tueri
331 711 479 798 gloriam,
501 711 543 776 iis
561 711 617 775 ille
635 709 676 774 ‘si
694 711 759 774 mei
777 710 901 775 similes
921 713 1024 795 erunt,
1046 710 1133 775 idem

128 798 194 864 hio*
217 798 326 884 inquit
348 798 485 886 ‘agellus
507 799 582 864 illos
605 798 679 881 alet,
703 798 759 885 qui
781 820 832 862 ma
856 798 896 862 ad
924 798 1007 862 hanc
1030 798 1133 884 digni·

130 890 234 952 tatem
255 888 420 972 perduxit3
450 887 502 952 sin
523 885 696 950 dissimiles
719 888 796 949 sunt
818 884 929 970 bituri,
951 887 1027 951 nolo
1051 887 1132 952 meis

94 1063 116 1129 2
131 975 516 1146 ωρθῗέξηήέᾚῐζὲε
531 994 709 1125 ddgdrllildiir
723 973 959 1147 ddiclseffium
975 1083 1134 1146 prospera

129 1152 330 1237 pervenisset
351 1150 496 1234 fortuna,
519 1149 671 1214 extremis
694 1149 896 1233 temporibus
919 1170 1074 1234 magnum
1097 1151 1133 1216 in

95 1240 240 1305 aedium
262 1237 408 1323 pervenit
431 1259 563 1302 suorum
586 1237 714 1322 civium,
735 1237 841 1321 primo
865 1238 950 1320 quod
974 1259 1047 1302 cum
1069 1236 1133 1302 De-

130 1327 223 1393 made
246 1326 285 1390 de
306 1325 387 1389 urbe
410 1326 565 1389 tradenda
577 1323 753 1408 Antipatro
774 1329 980 1391 consenserat
999 1325 1132 1410 eiusque

131 1413 265 1480 oonsilio
279 1411 514 1478 Demosthenes
538 1434 611 1478 cum
634 1413 759 1497 ceteris,
782 1414 839 1497 qui
862 1414 943 1479 bene
965 1413 1004 1478 de
1022 1435 1058 1479 re
1075 1437 1132 1498 pu·

129 1501 216 1567 blica
242 1500 351 1564 meriti
379 1500 662 1586 existimabantur,
690 1501 804 1586 populi
831 1502 915 1567 scito
942 1502 977 1566 in
1000 1502 1132 1567 exilium

130 1593 223 1655 erant
250 1588 383 1671 expulsi.
427 1611 532 1673 neque
559 1589 594 1654 in
620 1611 658 1654 eo
687 1590 793 1654 solum
821 1589 1014 1674 offenderat,
1046 1590 1133 1673 quod

130 1677 254 1763 patriae
287 1677 371 1741 male
395 1678 613 1764 consuluerat,
641 1677 698 1743 sed
724 1678 824 1743 etiam
856 1679 942 1761 qnod
969 1678 1132 1744 amicitiae

95 1766 226 1832 afidem
248 1786 314 1829 non
335 1766 554 1849 praestiterat.
596 1788 736 1850 namque
760 1770 873 1831 auctus
896 1766 1089 1850 adiutusque
1112 1789 1132 1831 a

130 1853 348 1919 Demosthene
372 1876 458 1939 eum,
482 1876 578 1938 quem
600 1855 747 1938 tenebat,
777 1854 964 1920 ascenderat
987 1856 1132 1941 gradum,

131 1963 203 2008 cum
230 1941 384 2006 adversus
406 1940 580 2007 Charetem
607 1965 681 2008 eum
708 1944 913 2008 subornaret:
950 1944 991 2008 ab
1019 1944 1132 2008 eodem

129 2030 164 2092 in
185 2028 326 2112 iudiciis,
354 2050 426 2093 cum
449 2030 566 2113 capitis
589 2052 720 2094 causam
742 2030 876 2115 diceret,
904 2031 1053 2096 defensus
1077 2032 1133 2095 ali·

130 2116 295 2201 quotiens,
326 2115 484 2181 liberatus
516 2118 716 2182 discesserat.
761 2117 846 2182 hunc
868 2139 935 2183 non
962 2118 1068 2182 solum
1097 2120 1133 2183 in

93 2204 282 2288 4periculis
309 2226 375 2269 non
401 2203 557 2289 defendit,
586 2205 643 2269 sed
670 2204 769 2269 etiam
795 2204 946 2288 prodidit.
991 2205 1133 2271 concidit

131 2297 240 2358 autem
269 2292 407 2358 maxime
434 2314 498 2357 uno
526 2292 673 2378 erimine,
705 2293 804 2376 quod,
836 2314 909 2357 cum
941 2292 1025 2376 apud
1057 2315 1133 2358 eum

130 2403 292 2447 summum
315 2384 401 2446 esset
422 2380 594 2464 imperinm
622 2380 735 2465 populi
757 2381 843 2446 iussu
871 2384 904 2446 et
926 2379 1133 2467 Nicanorem,

130 2468 305 2535 Cassandri
326 2468 534 2554 praefectum,
556 2469 703 2533 insidiari
721 2468 836 2534 Piraeo
855 2467 1131 2552 [Atheniensium]

131 2580 150 2621 a
164 2557 303 2641 Dercylo
318 2562 503 2622 moneretur
521 2557 669 2641 idemque
683 2558 866 2642 postularet
882 2562 921 2622 ut
938 2557 1133 2643 provideret,

129 2666 170 2708 ne
195 2646 428 2711 commeatibus
452 2645 566 2710 civitas
588 2646 786 2730 privaretur,
808 2646 883 2710 huic
907 2646 1056 2711 audiente
1077 2668 1133 2730 po

130 2732 208 2816 pulo
231 2732 377 2798 Phocion
403 2734 535 2820 negavit
558 2755 628 2798 esse
655 2733 835 2819 periculum
863 2755 959 2818 seque
987 2734 1055 2798 eius
1085 2735 1134 2799 rei

96 2820 277 2886 bobsidem
308 2821 378 2886 fore
409 2821 574 2905 pollicitus
607 2825 665 2886 est.
710 2843 814 2905 neque
845 2821 893 2886 ita
921 2822 1025 2885 multo
1056 2827 1155 2907 post.

131 2907 275 2974 Nicanor
297 2907 412 2974 Piraeo
435 2914 486 2974 est
511 2910 646 2994 potitus.
691 2910 732 2973 ad
760 2931 854 2993 quem
881 2909 1134 2993 recuperandum

132 3019 205 3062 cum
227 2990 366 3081 'populns
390 3002 534 3062 armatus
558 2998 783 3081 concurrisset,
805 2998 861 3061 ille
883 3019 949 3063 non
966 2998 1062 3063 modo
1080 3020 1134 3063 ne-

132 3087 252 3151 minem
275 3084 316 3148 ad
333 3107 429 3149 arma
451 3085 587 3170 vocavit,
611 3085 725 3150 sedne
744 3084 878 3150 armatis
898 3085 1026 3168 quidem
1044 3108 1135 3170 prae-

132 3195 202 3238 esse
238 3173 350 3238 voluit.
404 3173 486 3253 [sine
519 3195 582 3256 qno
614 3172 762 3238 Athenae
799 3173 930 3238 omnino
963 3195 1032 3238 esse
1068 3197 1135 3240 non

156 3263 292 3342 ossent]
927 3278 929 3282 “

97 3285 153 3413 ΒΡ
220 3349 325 3415 Erant
352 3371 390 3414 eo
417 3352 564 3433 tempore
587 3347 727 3413 Athenis
748 3349 830 3414 duae
857 3348 1030 3434 factiones,
1060 3371 1134 3433 qua-

132 3461 205 3502 rum
232 3459 296 3502 una
322 3437 434 3522 populi
461 3458 591 3502 causam
618 3437 751 3523 agebat,
782 3438 886 3501 altera
917 3437 1134 3521 optimatium.

119 3525 158 3585 in
177 3525 245 3588 Aac
267 3529 341 3590 erat
361 3524 511 3592 Phocion
534 3529 568 3591 et
589 3523 775 3590 Demetrius
799 3525 982 3590 Phalereus.
1017 3525 1134 3592 harum
