2460 3848
358 811 606 898 CORNELII
637 811 854 900 NEPOTIS

169 983 312 1056 LIBER
339 983 402 1055 DE
432 984 824 1058 uxonnnunrlssus
851 983 1052 1057 DUOIBUS

321 1138 630 1205 EXTERARUM
663 1138 899 1205 GENTIUM.

500 1329 712 1386 PRAEFATIO.

195 1439 270 1504 Non
289 1438 401 1504 dubito
420 1439 489 1503 fore
507 1440 688 1523 plerosque,
705 1437 825 1523 Attice,
848 1439 903 1522 qui
925 1439 988 1504 hoc
1007 1458 1109 1524 genus
1129 1463 1143 1510 1

109 1528 286 1613 scripturae
309 1528 378 1591 leve
402 1530 434 1591 et
456 1549 523 1592 non
545 1527 625 1592 satis
649 1528 782 1612 dignum
806 1549 1006 1592 summorum
1026 1528 1109 1592 viro·

108 1639 180 1681 rum
202 1616 348 1700 personis
370 1615 522 1698 iudicent,
548 1636 621 1679 cum
644 1615 783 1678 relatum
805 1615 924 1699 legent,
947 1615 1019 1698 quis
1043 1637 1110 1679 mu-

109 1705 209 1770 sicam
232 1703 376 1769 docuerit
398 1702 670 1786 Epaminondam,
700 1706 757 1766 aut
784 1702 909 1766 ineius
933 1703 1109 1768 virtutibus

109 1791 362 1873 commemorari,
381 1790 517 1853 saltasse
532 1811 606 1853 eum
620 1791 786 1854 commode
800 1790 1001 1873 scienterque
1018 1791 1109 1855 tibiis

35 1882 41 1888 ’
109 1883 266 1945 cantasse.
307 1879 363 1943 sed
389 1878 425 1941 hi
452 1882 547 1941 erunt
568 1877 649 1961 fere,
678 1879 734 1961 qui
757 1882 903 1962 expertes
926 1878 1145 1948 litteraruma

109 1967 304 2033 Graecarum
326 1966 408 2030 nihil
431 1970 569 2050 rectum,
596 1965 660 2030 nisi
688 1968 773 2049 quod
795 1966 941 2050 ipsorum
964 1969 1109 2032 moribus

108 2057 287 2140 conveniat,
309 2056 480 2139 putabunt.
512 2053 536 2117 ii
555 2054 583 2118 si
604 2054 774 2119 didicerint
791 2077 858 2120 non
875 2056 986 2120 ecdem
1010 2056 1145 2125 omni-3

107 2147 168 2210 bus
196 2165 265 2209 esse
291 2144 429 2208 honesta
456 2146 553 2225 atque
581 2143 702 2227 turpia,
732 2143 788 2207 sed
815 2145 924 2207 omnia
951 2144 1110 2208 maiorum

107 2233 268 2297 institutis
291 2231 435 2314 iudicari,
457 2252 523 2295 non
540 2230 786 2294 admirabuntur
803 2252 863 2295 1100
884 2231 918 2294 in
937 2229 1111 2295 Graiorum

107 2321 284 2385 virtutibus
314 2319 509 2403 exponendis
542 2340 647 2382 mores
681 2340 791 2383 eorum
825 2322 961 2384 secutos.
1006 2340 1147 2402 nequer

109 2409 194 2473 0111111
222 2408 349 2474 Cimoni
376 2407 439 2470 fuit
466 2410 574 2489 turpe,
600 2404 849 2471 Atheniensium
877 2427 1002 2470 summo
1030 2407 1111 2490 viro,

109 2518 254 2561 sororem
273 2517 459 2581 germanam
477 2494 596 2558 habere
613 2496 649 2558 in
666 2493 883 2577 matrimonio,
902 2494 1020 2577 quippe
1037 2516 1111 2559 cum

110 2585 194 2648 01100
222 2584 290 2648 eius
318 2584 430 2647 eodem
457 2586 625 2647 uterentur
652 2583 814 2647 instituto.
856 2584 890 2645 at
919 2582 953 2645 id
981 2583 1111 2666 quidem

109 2671 230 2736 nostris
254 2671 398 2734 moribus
420 2669 511 2735 nefas
528 2669 675 2733 hebetur.
708 2669 795 2733 laudi
813 2668 848 2734 in
866 2667 964 2734 Creta
982 2671 1111 2736 ducitur

109 2758 357 2823 adulescentulis
372 2779 469 2840 quam
485 2758 642 2841 plurimos
660 2757 813 2822 habuisse
828 2762 998 2822 amatores.
1020 2759 1111 2822 nulla

108 2846 342 2912 Lacedaemoni
358 2845 454 2909 vidua
472 2850 540 2909 10111
554 2850 605 2910 001
622 2845 751 2929 nobilis,
769 2867 850 2928 quae
864 2867 930 2910 non
944 2846 984 2910 ad
998 2868 1111 2910 cenam

109 2939 162 2999 eat
182 2936 353 3015 [mercede]
370 2933 558 2998 condictam.
590 2933 715 3018 magnis
734 2934 769 2996 in
786 2934 935 2998 laudibus
954 2937 1026 2997 tota
1043 2933 1110 2998 fere
1129 2953 1146 3002 5

108 3023 172 3087 fuit
187 3021 322 3087 Graecia
340 3022 496 3086 victorem
511 3020 680 3105 Olympiae
698 3021 801 3105 citari,
819 3023 854 3085 in
873 3043 1021 3086 scaenam
1034 3044 1110 3087 vero

109 3111 237 3195 prodire
265 3133 301 3177 ac
329 3110 448 3194 populo
477 3131 546 3174 esse
574 3110 758 3193 spectaculo
785 3110 907 3188 nemini
934 3111 968 3174 in
991 3110 1112 3174 eisdem

109 3200 260 3284 gentibus
278 3199 342 3263 fuit
361 3198 563 3282 turpitudini.
596 3219 677 3280 quae
692 3198 800 3263 omnia
814 3199 899 3282 apud
916 3220 976 3262 nos
990 3198 1112 3281 partim

110 3286 256 3370 infamia,
282 3288 403 3371 partim
429 3287 566 3350 humilia
594 3291 691 3369 atque
719 3286 760 3350 ab
788 3287 958 3351 honestate
986 3290 1114 3350 remota

108 3380 281 3458 ponuntur.
324 3379 437 3441 contra
464 3397 502 3440 ea
528 3375 682 3459 pleraque
708 3375 839 3439 uostris
862 3374 1025 3434 morinus
1053 3369 1144 3424 sm&
1157 3377 1182 3414 e

109 3463 234 3549 decora,
263 3485 344 3549 quae
368 3463 455 3551 apud
476 3464 555 3533 illos
579 3464 697 3551 turpia
718 3465 904 3548 putantur.
940 3466 1055 3529 opem
1072 3439 1177 3498 exim

152 3574 292 3621 oonurnrrs
306 3580 399 3624 Nnros.
1000 3549 1025 3592 Χ
