2460 3848
133 207 175 269 74
438 205 537 261 XVIII.
555 205 734 261 EUMENES.
762 210 786 260 5.
806 211 830 261 6.

96 351 218 436 lgiae,
250 350 336 433 quod
358 349 449 415 Nora
477 350 680 434 appellatur,
703 348 858 436 confugit.
903 351 938 414 in
965 371 1027 433 quo
1056 373 1130 416 cum

132 439 418 504 circumsederetur
449 442 482 502 et
513 442 694 522 vereretur,
724 460 765 503 ne
796 460 860 503 uno
892 438 965 505 loco
996 460 1132 504 manens

132 548 230 609 equos
254 527 411 592 militares
434 527 590 611 perderet,
613 526 700 609 quod
717 526 858 610 spatium
876 547 943 591 non
960 530 1047 592 esset
1064 527 1131 613 agi-

131 615 235 698 tandi,
259 615 411 679 callidum
432 613 496 679 fuit
518 614 587 679 eius
610 614 790 697 inventum,
818 636 913 697 quem
936 615 977 679 ad
999 615 1131 680 modum

132 706 222 767 stans
254 703 435 768 iumentum
462 702 644 768 concalfieri
675 702 877 784 exercerique
908 707 1034 788 posset,
1066 725 1130 786 quo

130 791 285 855 libentius
308 796 342 856 et
364 791 436 856 cibo
459 794 607 855 uteretur
628 794 663 854 et
680 812 700 854 a
719 791 863 873 corporis
886 794 978 855 motu
1000 813 1067 856 non
1083 813 1131 856 rc

96 883 323 944 amoveretur.
364 879 607 963 substringebat
630 883 727 962 caput
749 878 819 943 loro
843 878 950 963 ultius,
973 900 1071 962 quam
1093 884 1131 945 ut

131 967 293 1049 prioribus
311 967 446 1052 pedibus
460 967 554 1051 plene
568 972 688 1031 terram
701 970 813 1050 posset
827 967 997 1052 attingere,
1017 967 1130 1032 deinde

130 1059 206 1138 post
228 1056 416 1121 verberibus
439 1056 576 1140 cogebat
599 1055 760 1120 exsultare
778 1059 812 1118 et
830 1055 933 1120 calces
951 1055 1130 1120 remittere:

131 1143 187 1225 qui
214 1147 322 1209 motus
348 1165 415 1208 non
441 1142 547 1208 minus
575 1143 724 1208 sudorem
751 1142 950 1227 excutiebat,
976 1165 1074 1226 quem
1100 1145 1131 1208 si

94 1246 111 1294 c
130 1230 164 1294 in
187 1231 293 1314 spatio
316 1231 506 1296 decurreret.
552 1253 614 1314 quo
637 1230 760 1296 factum
783 1234 848 1315 est,
872 1231 957 1314 quod
979 1231 1129 1296 omnibus

132 1319 279 1382 mirabile
297 1323 349 1384 est
366 1320 481 1403 visum,
497 1323 536 1383 ut
549 1340 649 1402 aeque
662 1319 766 1383 nitida
778 1319 924 1383 iumenta
937 1340 977 1384 ex
995 1320 1129 1385 castello

131 1406 288 1491 educeret,
310 1428 384 1472 curn
406 1408 586 1490 complures
609 1428 736 1472 menses
758 1407 793 1471 in
815 1406 982 1472 obsidione
1005 1407 1131 1492 linisset,

95 1512 167 1561 tac
190 1494 219 1559 si
241 1495 276 1559 in
298 1495 533 1579 campestribus
557 1516 595 1560 ea
616 1495 696 1560 locis
714 1494 891 1559 habuisset.
925 1496 961 1559 in
977 1495 1039 1561 hac
1057 1517 1131 1560 con·

131 1583 282 1666 elusione,
306 1584 593 1667 quotienscumque
615 1583 719 1648 voluit
725 1633 734 1667 ,
757 1586 949 1666 apparatum
972 1587 1006 1647 et
1028 1585 1130 1648 muni-

129 1671 235 1736 tiones
258 1670 417 1757 Antigoni
445 1672 525 1736 alias
552 1671 707 1754 incendit,
735 1671 816 1736 alias
843 1670 979 1736 disiecit.
1024 1672 1130 1737 tenuit

130 1764 238 1824 autem
262 1782 295 1824 se
318 1782 382 1825 uno
405 1760 491 1843 loco,
515 1760 667 1844 quamdiu
688 1759 792 1824 hiems
815 1759 892 1842 linit,
914 1759 1001 1842 quod
1023 1764 1131 1826 castra

130 1848 189 1912 sub
220 1847 293 1913 divo
324 1848 444 1913 habere
470 1870 537 1912 non
566 1851 704 1932 poterat.
748 1869 804 1912 ver
836 1848 1130 1931 appropinquabat:

130 1935 283 1999 simulata
296 1937 466 2020 deditione,
490 1936 566 2000 dum
579 1936 618 1999 de
632 1934 873 2000 condicionibus
892 1939 1023 2020 tractat,
1041 1959 1131 2019 prae·

129 2022 223 2086 fectis
237 2022 397 2107 Antigoni
418 2023 576 2107 imposuit
594 2044 691 2107 seque
709 2045 747 2088 ac
765 2045 840 2089 suos
860 2044 970 2088 omnes
989 2025 1130 2090 extraxit

129 2110 315 2175 incolumes.

93 2199 114 2262 6
215 2197 268 2263 Ad
290 2197 375 2264 hunc
390 2197 567 2285 Olympias,
590 2203 694 2263 mater
717 2221 799 2282 quae
822 2199 929 2264 fuerat
942 2200 1129 2284 Alexandri,

130 2308 203 2351 oum
224 2286 353 2351 litteras
376 2292 409 2352 et
425 2288 558 2353 nuntios
581 2287 725 2351 misisset
746 2287 781 2352 in
799 2287 914 2352 Asiam
936 2288 1130 2373 consultum,

129 2379 239 2440 utrum
261 2375 436 2459 repetitum
453 2376 517 2441 iret
531 2374 753 2440 Macedoniam
777 2373 865 2462 (nam
887 2380 958 2440 tum
979 2376 1014 2440 in
1026 2375 1129 2460 Epiro

93 2460 315 2549 rhabitabat)
338 2468 372 2528 et
398 2485 474 2529 suas
501 2486 552 2528 res
581 2468 764 2548 occuparet,
794 2464 870 2528 huic
901 2464 956 2528 ille
987 2464 1129 2548 primum

129 2551 241 2635 suasit,
263 2573 304 2616 ne
327 2573 361 2616 se
384 2556 528 2617 moveret
551 2556 584 2616 et
602 2556 811 2636 exspectaret,
834 2552 940 2635 quoad
952 2551 1130 2617 Alexandri

128 2639 215 2702 filius
237 2660 373 2724 regnum
396 2640 641 2725 adipisceretur,
672 2641 724 2705 sin
750 2641 859 2723 aliqua
882 2640 1058 2724 cupiditate
1081 2663 1131 2706 ra-

129 2730 259 2809 peretur
277 2727 311 2791 in
333 2727 564 2812 Macedoniam,
587 2728 831 2793 oblivisceretur
854 2728 998 2793 omnium
1019 2729 1130 2794 iniuri-

94 2831 221 2880 aarum
244 2816 333 2879 etin
355 2817 516 2881 neminem
538 2817 701 2881 acerbiore
724 2820 870 2881 uteretur
892 2817 1038 2900 imperio.
1073 2816 1131 2882 ho-

128 2925 201 2968 rum
223 2903 281 2967 illa
302 2903 385 2966 nihil
407 2904 498 2969 fecit:
528 2926 605 2968 nam
628 2908 661 2968 et
683 2905 718 2968 in
739 2904 962 2969 Macedoniam
983 2905 1131 2989 profecta
1169 2919 1173 2926 ’

129 2995 180 3055 est
206 2994 239 3054 et
267 2991 315 3055 ibi
344 2992 564 3057 crudelissime
595 3014 629 3057 se
661 2993 773 3077 gessit.
817 2993 914 3077 petiit
945 2997 1055 3058 autem
1087 2993 1130 3058 ab

128 3079 272 3143 Eumene
296 3079 442 3164 absente,
468 3102 508 3144 nc
531 3084 698 3165 pateretur
720 3080 865 3164 Philippi
888 3081 1002 3145 domus
1025 3103 1063 3147 ac
1085 3080 1131 3146 fa

129 3167 238 3231 miliae
253 3167 495 3233 inimicissimos
509 3168 645 3252 stirpem
660 3190 787 3252 quoque
805 3168 1000 3254 interimere,
1017 3169 1132 3234 ferret·

93 3284 110 3330 4
130 3275 191 3336 que
220 3276 315 3339 opem
341 3255 453 3320 liberis
476 3255 660 3321 Alexandri.
705 3278 802 3339 quam
824 3256 951 3322 veniam
974 3257 1003 3322 si
1030 3258 1132 3342 daret,

129 3363 226 3424 quam
252 3343 394 3426 primum
421 3344 579 3409 exercitus
606 3349 750 3428 pararet,
782 3365 863 3428 quos
890 3344 955 3409 sibi
986 3346 1132 3411 subsidio

130 3430 308 3496 adduceret.
353 3432 386 3495 id
410 3453 473 3514 quo
500 3432 627 3496 facilius
650 3432 784 3515 faceret,
811 3454 846 3498 se
869 3433 1018 3498 omnibus
1041 3457 1133 3519 prae-

108 3513 218 3597 fectis,
243 3519 361 3596 quiin
386 3519 496 3586 officio
521 3521 711 3609 manebant,
732 3520 859 3586 misisse
881 3520 1019 3608 litteras,
1041 3527 1079 3588 ut
1102 3523 1133 3589 ei
