2460 3848
137 205 181 270 50
455 205 528 260 XIV.
547 204 728 259 DATAMES.
756 211 781 259 3.
800 211 825 260 4.

137 351 194 415 ubi
217 354 287 415 erat
315 372 384 434 rex,
412 351 501 414 venit
529 354 725 435 posteroque
748 348 799 414 die
822 348 951 435 Thuyn,
978 349 1144 416 hominem

138 437 271 502 maximi
294 438 439 522 corporis
467 439 670 521 terribilique
697 437 794 521 facie,
824 438 910 520 quod
938 442 971 502 at
993 439 1087 524 niger
1110 444 1145 503 et

138 528 256 611 capillo
283 527 382 611 longo
409 527 575 610 barbaque
603 530 673 590 erat
699 526 873 611 promissa,
901 526 1026 610 optima
1052 531 1145 591 veste

138 616 229 700 texit,
253 637 351 699 quam
374 618 523 699 satrapae
546 615 629 700 regii
652 635 763 700 gerare
787 618 989 699 consuerant,
1015 615 1145 680 ornavit

139 704 237 768 etiarn
269 707 385 786 torque
418 707 515 786 atque
547 703 684 767 armillis
717 702 822 767 aureis
851 706 1021 786 ceteroque
1051 705 1146 789 regio

101 793 243 877 scultu3
264 792 333 876 ipsa
357 792 479 877 agresti
503 791 623 875 duplici
647 791 785 855 amiculo
807 791 1024 856 circumdatus
1043 792 1144 857 hirta·

139 902 200 963 que
218 880 338 964 tunica,
356 901 471 966 gerens
490 880 644 962 incapite
659 879 788 964 galeam
801 880 1010 964 venatoriam,
1030 880 1144 945 dextra

138 991 236 1032 manu
259 969 397 1053 clavam,
420 969 553 1032 sinistra
576 967 739 1052 copulam,
770 968 818 1031 ita
839 967 985 1032 vinctum
1009 971 1084 1033 ante
1109 990 1144 1034 aa

138 1056 307 1141 Thuynem
330 1057 459 1142 agebat,
480 1061 518 1120 ut
537 1057 565 1120 si
583 1055 686 1120 feram
703 1055 844 1123 bestiam
859 1061 988 1139 captam
1002 1057 1143 1122 duceret.

102 1162 118 1209 3
139 1167 309 1228 quaecum
327 1166 438 1209 omnes
457 1144 638 1228 aspicerent
657 1148 792 1228 propter
808 1138 989 1209 novitatem
1009 1150 1146 1210 ornatus

138 1234 350 1318 ignotamque
381 1232 521 1297 formam
549 1234 590 1297 ob
619 1254 753 1316 eamque
785 1254 854 1296 rem
886 1254 1023 1319 magnus
1056 1238 1145 1298 esset

138 1343 321 1406 concursus,
352 1320 416 1385 fuit
438 1342 599 1386 nonnemo
628 1322 684 1404 qui
707 1325 898 1406 agnosceret
920 1321 1037 1406 Thuyn
1059 1322 1143 1407 regi·

102 1427 201 1493 sque
223 1409 397 1474 nuntiaret.
438 1410 544 1493 primo
571 1431 638 1474 non
664 1409 838 1474 accredidit
867 1409 978 1493 itaque
1001 1409 1144 1475 Pharna·

137 1499 254 1562 bazum
277 1498 368 1562 misit
391 1498 602 1581 exploratum.
639 1519 740 1581 aquo
758 1502 797 1581 ut
814 1519 884 1562 rem
907 1503 1034 1583 gestam
1058 1520 1143 1563 com·

137 1587 237 1671 perit,
265 1587 378 1650 statim
406 1587 535 1650 admitti
561 1587 671 1671 iussit,
701 1607 819 1671 magno
843 1607 940 1669 opere
963 1586 1144 1651 delectatus

139 1698 211 1740 cum
233 1674 322 1739 facto
349 1679 420 1739 tum
449 1679 578 1759 ornatu,
604 1675 753 1759 inprimis
777 1674 864 1757 quod
885 1675 1005 1738 nobilis
1028 1697 1085 1739 rex
1106 1676 1142 1739 in

103 1781 119 1829 e
138 1767 337 1848 potestatem
359 1763 542 1847 inopinanti
565 1767 705 1827 venerat.
750 1763 863 1846 itaque
886 1762 1056 1849 magnifice
1078 1761 1143 1827 Da-

138 1856 248 1916 tamen
271 1853 427 1915 donatum
449 1851 490 1915 ad
513 1853 689 1916 exercitum
712 1852 816 1937 misit,
844 1852 994 1935 quitum
1017 1856 1144 1916 contra·

137 1941 277 2005 hebatur
309 1941 388 2004 duee
419 1939 630 2004 Pharnabazo
662 1943 696 2004 et
725 1940 914 2004 Tithrauste
946 1940 986 2003 ad
1018 1940 1142 2004 bellum

138 2027 348 2112 Aegyptium,
365 2028 499 2110 parique
513 2050 587 2092 eum
601 2032 698 2110 atqua
712 2027 787 2092 illos
800 2028 937 2111 imperio
952 2049 1022 2092 esse
1036 2028 1142 2093 iussit.

138 2120 253 2200 postea
282 2136 357 2178 vero
391 2137 488 2198 quarn
516 2115 764 2180 Pharnabazum
795 2138 852 2180 rex
883 2116 1060 2200 revocavit,
1091 2116 1142 2180 illi

139 2225 266 2269 summa
288 2202 416 2287 imperii
439 2203 561 2267 tradita
584 2208 643 2268 est.

106 2296 125 2359 4
226 2291 289 2356 Hic
317 2314 390 2356 curn
418 2292 558 2356 maximo
590 2292 697 2357 studio
731 2296 934 2376 compararet
965 2293 1142 2358 exercitum

138 2380 389 2468 Aegyptumque
408 2381 570 2463 proficisci
588 2385 727 2464 pararet,
751 2382 860 2445 subito
879 2404 897 2444 a
916 2402 993 2466 rege
1011 2382 1142 2446 litterae

140 2475 216 2534 sunt
244 2471 272 2534 ei
300 2470 431 2554 missae,
458 2473 496 2533 ut
522 2468 639 2553 Aspim
667 2469 910 2555 aggrederetur,
943 2469 999 2552 qui
1027 2468 1143 2534 Catao-

138 2559 227 2623 niam
254 2559 399 2622 tenebat:
437 2579 518 2641 quae
546 2579 625 2643 gens
652 2559 737 2623 iacet
760 2580 857 2641 supra
881 2556 1041 2642 Ciliciam,
1069 2579 1143 2622 con·

104 2664 120 2711 2
138 2646 212 2709 finis
232 2644 460 2729 Cappadociae.
494 2668 633 2729 namque
647 2646 756 2731 Aspis,
779 2647 958 2711 saltuosam
976 2647 1142 2732 regionem

140 2734 345 2816 castellisque
377 2735 537 2798 munitam
569 2735 728 2819 incolens,
763 2756 830 2799 non
862 2737 968 2800 solum
1004 2735 1142 2818 imperio

138 2822 225 2906 regis
248 2844 314 2886 non
335 2824 480 2906 parebat,
503 2823 559 2888 sed
582 2824 681 2887 etiam
703 2823 859 2888 finitimas
883 2825 1032 2909 regiones
1050 2845 1143 2887 vaxa-

102 2912 197 2976 ebat
229 2913 262 2974 et
294 2932 375 2993 quae
406 2912 475 2997 regi
505 2915 714 2995 portarentur
745 2912 937 2995 abripiebat.
985 2910 1142 2976 Datames

139 2999 202 3063 etsi
228 2998 324 3085 longe
352 3000 465 3063 aberat
493 3000 533 3064 ab
566 3001 607 3064 iis
634 3000 822 3085 regionibus
851 3004 884 3065 et
911 3022 930 3063 a
958 3001 1079 3064 maiora
1106 3022 1142 3064 re

139 3087 398 3171 abstrahebatur,
417 3093 527 3152 tamen
544 3088 631 3172 regis
646 3088 808 3152 voluntati
825 3111 948 3153 morem
966 3088 1142 3173 gerendum

138 3177 275 3259 putavit.
311 3176 422 3258 itaque
446 3199 519 3240 curn
541 3177 663 3261 paucis,
685 3177 741 3241 sed
764 3177 841 3241 viris
864 3176 1005 3240 fortibus
1027 3199 1143 3241 navem

139 3264 339 3348 conscendit,
366 3265 568 3349 existimans,
597 3265 683 3349 quod
710 3265 843 3349 accidit,
872 3266 1000 3330 facilius
1024 3288 1059 3330 se
1085 3266 1144 3328 im·

138 3353 330 3436 prudentem
356 3374 457 3436 parva
484 3376 582 3417 manu
610 3375 840 3438 oppressurum
868 3375 965 3436 quam
993 3359 1143 3439 paratum

100 3442 286 3522 equamvis
319 3461 437 3525 magno
470 3442 622 3506 exercitu.
668 3442 730 3506 hae
762 3442 888 3506 delatus
921 3443 955 3506 in
987 3441 1144 3526 Ciliciam,

124 3545 282 3604 egressus
309 3529 405 3613 inde,
442 3529 512 3595 dies
542 3535 722 3616 noctesque
752 3530 816 3595 iter
846 3530 968 3596 faciens
1001 3531 1144 3595 Taurum
