2460 3848
357 214 430 270 vlu.
449 213 719 270 THRASYBULUS.
749 219 774 268 3.
792 219 817 270 4.
1053 214 1097 280 33

93 359 429 425 Lacedaemoniorum.
469 360 497 424 is
520 360 606 423 inter
628 359 867 443 Thrasybulum
890 361 923 422 et
946 380 1016 443 cos,
1040 360 1097 444 qui

91 449 206 513 urbem
238 449 405 532 tenebunt,
437 447 516 513 feeit
546 468 659 530 paoem
688 447 740 511 his
768 446 1024 512 condicionibus:
1055 470 1096 514 nc

92 537 149 621 qui
176 541 306 620 praeter
332 536 470 621 triginta
497 539 653 619 tyrannos
680 539 714 598 et
742 533 864 618 decem,
896 536 952 618 qui
980 539 1096 619 postea

92 629 258 709 praetores
282 625 382 689 creati
405 623 580 707 superioris
599 643 688 686 more
707 622 908 702 crudelitatis
927 627 1020 688 erant
1035 624 1105 708 usi,-

93 712 299 777 afficerentur
326 712 422 776 exilio
449 733 528 776 neve
558 711 645 775 bona
675 710 931 794 publicarentur:
962 711 1011 776 rei
1039 734 1095 795 pu-

92 801 196 865 blicae
218 800 403 885 procuratio
426 800 547 884 populo
571 799 765 864 redderetur.
809 800 1011 883 praeclarum
1032 799 1132 866 hoca

93 910 219 973 quoque
241 888 453 972 Thrasybuli,
477 888 562 972 quod
585 887 793 953 reconciliata
814 909 908 971 pace,
931 910 1004 953 eum
1026 889 1095 971 plu·

92 977 210 1041 rimum
237 977 271 1040 in
294 976 426 1041 civitate
452 980 578 1061 posset,
607 977 714 1062 legem
741 975 832 1059 tulit,
859 998 899 1039 ne
923 976 996 1060 quis
1019 981 1094 1040 ante

92 1069 238 1130 actarum
259 1086 367 1129 rerum
390 1068 595 1129 accusaretur
616 1085 695 1128 neve
723 1064 930 1150 multaretur,
960 1085 1094 1148 eamque

91 1153 141 1217 illi
168 1153 339 1219 oblivionis
367 1152 578 1236 appellarunt.
622 1173 725 1235 neque
748 1174 824 1217 vero
853 1152 937 1217 hanc
964 1156 1129 1218 tantuma

91 1240 256 1307 ferendam
283 1241 422 1323 curavit,
449 1240 505 1305 sed
532 1240 632 1305 ctiam
653 1244 691 1304 ut
713 1241 836 1305 valeret
858 1239 973 1306 effecit.
1017 1263 1094 1305 nam

91 1351 164 1394 eum
187 1329 318 1413 quidam
345 1351 384 1393 ex
409 1328 464 1412 iis,
491 1328 547 1413 qui
576 1328 672 1393 simul
697 1350 769 1393 cum
792 1351 829 1393 eo
852 1327 887 1392 iu
909 1329 1005 1394 exilio
1028 1329 1094 1394 fue-

91 1421 178 1501 rant,
211 1416 340 1481 caedem
367 1414 471 1482 facere
500 1439 612 1482 eorum
638 1417 773 1500 vellent,
805 1439 878 1482 cum
910 1417 1028 1501 quibus
1059 1418 1094 1482 in

91 1505 232 1591 gratiam
258 1505 398 1570 reditum
425 1509 495 1570 erat
521 1505 663 1588 publice,
689 1505 859 1588 prohibuit
887 1510 920 1570 et
946 1506 980 1570 id
1007 1506 1093 1590 quod

90 1593 258 1677 pollicitus
281 1597 351 1658 erat
372 1593 547 1676 praestitit.

178 1680 263 1746 Huic
290 1703 349 1766 pro
377 1682 478 1745 tantis
506 1681 632 1744 meritis
659 1680 793 1745 honoris
815 1700 911 1745 caasa
932 1701 1051 1745 corona
1074 1682 1133 1746 a4

89 1770 210 1852 populo
225 1769 301 1833 data
314 1773 374 1852 est,
391 1767 479 1832 facta
493 1769 616 1832 duabus
631 1768 767 1853 virgulis
782 1767 965 1853 oleagineis.
996 1789 1092 1851 quam

91 1858 177 1938 quod
209 1878 300 1921 amor
332 1856 450 1920 civium
482 1859 515 1920 et
546 1876 612 1920 non
640 1855 690 1919 vis
723 1859 938 1941 expresserat,
968 1856 1092 1921 nullam

89 1944 205 2008 habuit
227 1944 382 2008 invidiam
404 1964 585 2029 magnaque
603 1943 667 2007 luit
685 1944 798 2029 gloria.
833 1945 915 2009 bene
933 1965 1010 2031 ergo
1024 1943 1092 2009 Pit
1111 1961 1127 2009 a

90 2035 182 2097 taous
204 2032 269 2116 ille,
294 2033 349 2116 qui
372 2033 406 2097 io
429 2036 554 2116 septem
577 2033 759 2116 sapientum
780 2054 915 2098 numero
934 2037 984 2098 est
1001 2033 1091 2098 habi·

89 2124 162 2204 tus,
200 2142 272 2186 cnm
303 2120 492 2205 Mytilenaei
523 2121 627 2185 multa
657 2120 748 2184 milia
780 2121 928 2208 iugerum
959 2122 1030 2208 agri
1061 2121 1092 2186 ei

90 2209 215 2273 muneri
242 2210 368 2294 darent,
392 2208 514 2294 ‘nolite,
533 2232 590 2275 oro
609 2210 687 2293 vos,’
707 2209 814 2293 inquit
837 2209 881 2274 ‘id
904 2210 984 2274 mihi
1007 2210 1092 2294 dare,

91 2297 176 2379 quod
189 2297 286 2362 multi
299 2297 472 2381 invideant,
489 2298 598 2381 plures
612 2298 712 2361 etiam
726 2298 962 2381 concupiscant.
993 2318 1090 2381 quare

59 2384 62 2388 ’
89 2384 224 2449 existis
247 2386 323 2451 nolo
347 2385 486 2469 amplius
515 2406 611 2468 quam
638 2389 767 2450 centum
794 2386 920 2470 iugera,
949 2407 1029 2469 quae
1057 2388 1091 2449 et

90 2493 196 2535 meam
228 2473 326 2536 animi
359 2474 556 2556 aequitatem
584 2477 618 2536 et
644 2478 785 2537 vestram
811 2473 1014 2537 voluntatem
1044 2474 1091 2537 in-

90 2558 218 2623 dicent?
261 2582 338 2624 narn
369 2582 468 2644 parva
495 2582 627 2624 munera
654 2562 792 2646 diutina,
822 2560 998 2644 locupletia
1025 2583 1090 2626 non

90 2648 222 2731 propria
244 2669 313 2712 esse
337 2653 538 2712 consuenmt.
574 2648 632 2712 illa
653 2650 755 2735 igitur
778 2670 896 2713 corona
919 2653 1089 2715 contentus
1107 2666 1124 2714 8

90 2734 311 2819 Thrasybulus
341 2757 444 2819 neque
477 2736 615 2820 amplius
648 2737 817 2820 requisivit
847 2758 950 2820 neque
984 2760 1090 2822 qnem-

90 2845 187 2906 quam
204 2823 326 2888 honore
345 2845 379 2888 se
398 2824 609 2896 antecessisse
628 2825 834 2888 existimavit.
868 2825 923 2890 hic
942 2827 1089 2910 sequenti
1107 2840 1128 2892 t

90 2915 245 2996 tempore,
268 2933 341 2976 cum
363 2916 494 2995 praetor
516 2913 653 2977 classem
676 2914 716 2976 ad
739 2911 886 2978 Ciliciam
910 2915 1090 2998 appulisset

89 3021 192 3082 neque
220 3001 299 3064 satis
327 2999 498 3086 diligenter
524 3001 559 3064 in
586 3001 701 3065 castris
725 3001 792 3065 eius
816 3006 988 3087 agerentur
1010 3002 1090 3088 vigi·

89 3087 165 3170 liae,
192 3111 212 3152 a
238 3089 384 3153 barbaris
413 3111 452 3152 ex
479 3087 597 3172 oppido
624 3093 723 3155 noctu
751 3090 917 3174 eruptione
945 3090 1032 3154 facta
1054 3090 1088 3155 in

90 3175 297 3242 tabernaculo
320 3176 510 3242 interfectus
534 3181 593 3242 est.

483 3407 677 3419 ——u—ae-oe
