2460 3848
130 167 174 231 24
427 167 488 225 VII.
506 167 730 224 ALCIBIADES.
759 173 835 223 1-3.

92 327 109 376 8
128 315 227 395 atque
245 311 414 397 orationis,
431 317 469 377 ut
486 333 581 377 nemo
601 312 632 376 ei
649 315 761 396 posset
779 312 943 396 resistere;
966 333 1039 377 cum
1057 315 1137 376 tem·

129 421 191 484 pus
214 405 372 485 posceret,
394 401 586 484 laboriosus,
608 401 748 484 patiens3
771 399 925 485 liberalis,
948 400 1136 484 splendidus

128 496 196 553 non
215 489 321 554 minus
340 489 375 553 in
393 488 462 554 rita
481 509 578 572 quam
595 488 698 571 victu3
721 487 870 572 affabilis,
892 489 1039 572 blandus,
1057 492 1136 553 tem-

93 577 265 660 tporibus
297 576 505 642 callidissime
538 575 694 640 serviens:
731 576 829 661 idem,
861 576 996 641 simulac
1029 598 1062 641 se
1089 598 1137 640 re

130 665 265 729 miserat
294 685 398 747 neque
431 684 528 729 causa
560 663 691 728 suberat
723 684 822 747 quare
854 664 954 729 animi
989 664 1135 730 laborem

129 752 302 837 perferret,
334 752 532 836 luxuriosus,
561 751 753 835 dissolutus,
783 752 989 836 libidinosus,
1021 753 1136 818 intern-

129 861 247 924 perans
277 840 511 925 reperiebatur,
538 843 576 903 ut
603 861 714 904 omnes
743 840 979 905 admirarentur
1009 840 1044 903 in
1070 862 1135 905 uno

128 926 261 994 homine
279 933 405 994 tantam
424 948 493 992 esse
513 927 810 992 dissimilitudinem
828 932 959 1012 tamque
975 928 1135 993 diversam

129 1021 291 1083 naturam.

94 1104 116 1170 2
218 1105 384 1171 Educatus
402 1108 454 1168 est
471 1105 506 1167 in
524 1104 620 1168 domo
633 1103 752 1169 Pericli
767 1101 947 1189 (privignus
963 1104 1049 1168 enim
1065 1104 1135 1169 eius

130 1193 231 1259 fuisse
258 1190 405 1278 dicitur),
437 1192 582 1257 eruditus
610 1213 630 1255 a
658 1189 800 1257 Socrate.
845 1213 993 1257 socerum
1019 1192 1136 1257 habuit

130 1280 363 1365 Hipponicum,
395 1280 540 1345 omnium
568 1278 691 1345 Graeca
721 1280 833 1366 lingua
860 1281 1064 1363 loquentium
1091 1280 1135 1344 di·

130 1368 303 1470 tissimum,
325 1371 371 1452 ut,
394 1368 423 1433 si
444 1369 515 1451 ipse
537 1367 659 1454 fingere
681 1368 789 1452 vellet,
810 1389 914 1470 neque
937 1369 1032 1452 plura
1048 1369 1136 1434 bona

130 1456 277 1523 eminisci
300 1477 403 1539 neque
426 1456 550 1520 maiora
571 1460 683 1540 posset
707 1457 869 1540 consequi,
893 1478 990 1557 quam
1012 1456 1064 1521 vel
1081 1478 1135 1520 na-

95 1561 113 1610 2
131 1548 206 1610 tura
218 1545 270 1609 vel
284 1544 415 1609 fortuna
429 1545 598 1609 tribuerat.
575 1545 757 1608 tineunte
771 1544 966 1610 adulescunt
942 1549 989 1610 ιιι
1007 1548 1136 1609 amatus

131 1638 183 1699 est
209 1656 230 1699 a
256 1633 368 1697 multis
396 1654 485 1697 more
510 1630 756 1717 Graecorum,
747 1654 782 1696 m
809 1633 855 1697 eis
879 1654 899 1697 a
922 1631 1068 1716 Socrate,
1096 1632 1134 1697 de

132 1744 196 1807 quo
215 1743 289 1786 men
289 1720 413 1785 tionem
430 1720 510 1787 facit
527 1720 603 1786 Plat
588 1725 623 1786 ιο
642 1721 676 1784 in
695 1720 868 1804 symposio.
904 1742 1042 1804 namque
1061 1741 1135 1784 eum

131 1809 258 1875 induxit
280 1813 587 1874 commemorantem
611 1830 645 1873 se
674 1812 881 1892 pernoctasse
905 1831 979 1874 cum
1002 1806 1134 1872 Socrate

131 1918 234 1981 neque
257 1896 352 1961 aliter
376 1899 416 1962 ab
440 1919 478 1962 co
502 1897 695 1980 surrexisse,
717 1919 755 1962 ac
777 1896 863 1961 filius
887 1918 906 1961 a
928 1900 1061 1981 parente
1084 1895 1135 1960 dc-

95 1985 248 2050 3buerit.
292 1989 504 2069 posteaquam
527 1948 695 2049 robustior
715 1988 766 2049 est
792 1984 912 2068 factus,
941 2007 1006 2050 non
1029 1984 1135 2048 minus

131 2074 252 2138 multos
276 2074 410 2157 amavit,
439 2074 474 2137 in
497 2094 634 2156 quorum
657 2094 779 2157 amore,
806 2073 912 2156 quoad
934 2072 1061 2137 licitum
1084 2075 1136 2136 est

131 2160 252 2245 odiosa,
270 2163 375 2226 multa
388 2162 524 2226 delicate
538 2162 709 2243 iocoseque
722 2159 814 2226 fecit:
838 2180 919 2244 quae
933 2159 1137 2244 referremus,

130 2249 194 2314 nisi
216 2250 340 2314 maiora
361 2251 491 2333 potiora
513 2249 713 2314 haberemus.

95 2336 117 2402 3
218 2337 311 2402 Bello
334 2336 569 2421 Peloponnesio
598 2337 695 2401 huius
718 2336 853 2400 consilio
877 2339 974 2418 atque
998 2335 1136 2400 auctori-

131 2429 273 2490 tatet
227 2425 273 2489 At
274 2427 443 2490 henienscs
473 2426 596 2490 bellum
623 2423 835 2508 Syracusanis
864 2422 1057 2488 indixerunt.
1095 2423 1136 2487 ad

132 2514 218 2597 quod
240 2514 447 2600 gerendum'
438 2535 507 2596 ipse
531 2513 595 2578 dux
618 2513 721 2577 delect
707 2516 760 2576 tus
784 2516 848 2596 est,
877 2512 940 2576 duo
967 2533 1044 2595 prae
1046 2514 1136 2575 terea

95 2615 113 2665 a
132 2601 274 2687 collegae
294 2602 370 2686 dati,
389 2600 485 2667 Nicia
503 2605 536 2664 et
549 2599 740 2665 Lamachus.
771 2600 805 2663 id
823 2621 898 2665 cum
916 2602 1138 2685 appararetur,

131 2711 384 2860 ιιιιιιιι
367 2688 615 2860 1ιιιιιι
625 2687 739 2842 ιιι
740 2692 893 2842 itt?
909 2693 1137 2841 ιιιιιιι

279 2828 288 2862 ²
895 2827 904 2860 ι

131 2869 261 2948 praeter
282 2887 392 2949 unum,
416 2865 471 2948 qui
494 2868 569 2929 ante
591 2865 722 2929 ianuam
744 2868 815 2929 crat
832 2863 991 2930 Andocidi
1012 2861 1137 2948 (itaque

96 2951 188 3016 cille
219 2956 335 3036 postea
363 2951 543 3017 Mercurius
571 2951 730 3016 Andocidi
761 2952 923 3017 vocitatus
957 2948 1029 3035 est).
1074 2949 1137 3016 hoc

132 3062 205 3193 ιι
226 3038 1138 3212 ιιιιιιιιιιιιιιιιιιιιιιιιιιιι

349 3179 358 3213 l
797 3177 806 3211 ²

131 3238 201 3282 rem
218 3217 404 3301 pertineret,
428 3236 565 3301 magnus
584 3216 786 3280 multitudini
804 3215 904 3279 timor
922 3219 972 3278 est
990 3214 1139 3298 iniectus,

131 3325 172 3370 ne
196 3327 259 3388 qua
282 3305 452 3388 repentina
469 3305 517 3369 vis
536 3304 721 3369 incivitate
740 3303 920 3386 exsisteret,
943 3323 1024 3385 quae
1043 3302 1138 3366 liber·

92 3397 235 3458 ctatem
263 3393 461 3477 opprimeret
486 3392 608 3476 populi
652 3391 714 3456 hoc
741 3392 880 3455 maxime
907 3390 1076 3456 convenire
1103 3388 1139 3453 in

128 3480 336 3545 Alcibiadem
349 3481 527 3565 videbatur,
546 3479 633 3563 quod
646 3483 680 3543 et
697 3480 863 3563 potentior
877 3482 910 3543 et
924 3480 1028 3543 maior
1041 3499 1138 3562 quam
