2460 3848
135 211 176 274 12
422 210 458 266 Il.
475 209 758 266 THEMISTOOLES.
786 214 810 266 7.
827 216 852 265 8.

99 356 199 421 siam
225 355 276 420 bis
304 355 413 438 copias
441 355 547 441 regias
575 354 690 419 fecisse
720 353 934 440 naufragium
980 352 1136 420 Laccdae-

133 443 260 508 monios
287 448 397 507 autem
419 445 503 508 male
530 447 564 506 11
590 443 709 507 iniuste
736 442 855 527 facere,
883 442 939 525 qui
966 441 999 506 id
1025 444 1136 526 potius

133 532 348 614 intuerentur,
381 531 466 614 quod
498 531 643 615 ipsorum
675 530 888 595 dominationi
921 549 1018 612 quam
1049 532 1136 614 quod

133 620 300 684 universae
319 617 472 684 Graeciae
495 618 576 682 utile
600 622 693 682 esset.
729 639 837 703 quare,
860 618 888 682 si
911 639 986 682 suos
1009 619 1136 705 legatos

134 708 275 791 recipere
297 707 431 791 vellent,
459 728 540 790 quos
563 705 709 771 Athenas
733 707 903 790 miserant,
930 727 964 770 se
992 707 1135 771 remitte·

133 799 214 878 rent,
237 815 305 860 cum
328 795 423 859 aliter
445 794 520 859 illos
542 816 719 878 numquam
741 794 776 858 in
797 794 939 878 patriam
957 799 1066 859 essent
1088 817 1136 859 11-

134 905 169 948 11
194 883 268 947 turi.

94 971 112 1035 8
170 906 191 967 p
220 971 342 1036 Tamen
358 994 424 1038 non
442 971 557 1056 effugit
571 970 689 1035 civium
704 992 835 1035 suorum
853 970 1015 1035 invidiam.
1046 992 1136 1035 nam-

133 1080 194 1142 que
213 1059 254 1124 ob
273 1060 408 1124 eundem
427 1060 669 1143 timoremque
688 1058 858 1123 damnatus
878 1062 948 1122 1111
961 1058 1135 1143 Miltiades,

132 1149 326 1212 testularum
358 1148 520 1233 suffragiis
551 1169 567 1211 e
595 1145 726 1211 civitate
756 1147 876 1210 eiectus
904 1145 1012 1232 Argos
1044 1146 1135 1211 habi-

97 1239 239 1300 atatum
271 1236 439 1301 concessit.
489 1236 542 1300 hic
575 1256 647 1298 cum
678 1238 812 1319 propter
844 1235 964 1299 multas
996 1234 1134 1299 virtutes

133 1344 250 1408 magna
278 1344 351 1388 cum
378 1324 537 1409 dignitato
565 1322 700 1407 viveret,
731 1322 978 1388 Lacedaemonii
1007 1323 1133 1408 legatos

132 1409 278 1475 Athenas
297 1411 464 1496 misenmt,
484 1412 539 1495 qui
558 1433 632 1475 curn
650 1411 818 1475 absentem
832 1415 1029 1495 accusarent,
1048 1411 1134 1494 quod

133 1499 323 1562 societatem
342 1521 415 1564 cum
433 1521 509 1585 rege
527 1498 625 1563 Perse
644 1499 685 1564 ad
704 1497 872 1564 Graeciam
891 1498 1134 1583 opprimendam

97 1602 113 1650 3
132 1584 271 1651 11111111.
302 1586 365 1653 hoc
380 1588 512 1653 crimine
526 1589 641 1652 absens
661 1588 831 1651 damnatus
851 1591 909 1652 est.
941 1587 974 1651 id
992 1590 1029 1651 ut
1048 1586 1134 1650 audi·

132 1674 188 1758 vit,
212 1675 298 1758 quod
319 1697 385 1740 non
404 1676 483 1741 satis
503 1680 611 1741 tutum
630 1697 664 1740 11
677 1674 777 1760 Argis
796 1675 935 1759 ridebat,
958 1673 1134 1758 Corcyram

132 1763 334 1848 demigravit.
371 1764 510 1830 ibicum
530 1765 597 1829 eius
616 1764 778 1847 principes
800 1764 920 1829 insulae
938 1763 1134 1826 animadver-

132 1850 227 1914 tisset
250 1852 378 1936 timere,
404 1875 445 1917 ne
468 1857 601 1936 propter
624 1873 658 1916 11
681 1852 802 1917 bellum
824 1852 865 1916 iis
887 1850 1134 1917 Lacedaemonii

132 1940 165 2001 11
194 1937 407 2003 Athenienses
439 1940 630 2023 indicerent,
663 1940 704 2003 ad
731 1938 922 2022 Admetum,
954 1938 1134 2003 Molossum

95 2040 112 2088 1
131 2044 249 2108 regem,
273 2046 346 2088 cum
365 2047 428 2108 quo
448 2027 478 2090 ei
495 2026 674 2110 hospitium
691 2046 754 2090 1111
773 2031 851 2110 1111,
875 2025 1029 2111 confugit.
1069 2026 1134 2091 huc

132 2133 205 2176 cum
223 2113 365 2177 venisset
384 2117 418 2177 11
436 2113 470 2177 in
488 2113 671 2196 praesentia
689 2134 745 2177 rex
764 2114 901 2197 abesset,
924 2133 988 2196 quo
1012 2113 1133 2177 maiore

132 2200 287 2285 religione
315 2222 349 2265 11
372 2206 539 2285 receptum
562 2205 721 2284 tueretur,
743 2200 847 2265 filium
870 2201 938 2265 eius
961 2200 1134 2284 parvulum

132 2288 270 2371 arripuit
292 2292 325 2352 et
348 2311 422 2354 cum
445 2311 482 2354 eo
506 2311 540 2355 11
563 2290 598 2354 in
621 2289 806 2374 sacrarium,
829 2289 915 2372 quod
938 2310 1134 2354 1111111111-

131 2376 260 2441 lebatur
282 2377 485 2462 caerimonia,
509 2377 656 2443 coniecit.
688 2378 760 2441 inde
784 2398 849 2442 non
871 2377 960 2461 prius
984 2398 1134 2462 egressus

132 2469 195 2548 est,
228 2486 325 2549 quam
352 2486 408 2532 rex
435 2487 509 2532 eum
536 2465 612 2530 data
639 2466 752 2530 dextra
778 2466 813 2529 in
843 2466 940 2530 fidem
967 2466 1134 2549 reciperet,

96 2569 112 2617 5
132 2575 230 2635 quam
252 2553 427 2636 praestitit.
461 2576 538 2618 nam
557 2576 629 2619 curn
653 2554 693 2618 ab
713 2553 967 2619 Atheniensibus
986 2558 1019 2618 et
1037 2552 1134 2618 Lace·

131 2639 309 2705 daemoniis
338 2647 565 2726 exposceretur
591 2641 733 2726 publice,
764 2643 943 2726 supplicem
969 2664 1035 2707 non
1061 2663 1133 2725 pro·

132 2727 214 2791 didit
236 2729 425 2813 monuitque
448 2735 486 2795 ut
508 2731 691 2796 consuleret
710 2730 786 2795 sibi:
808 2729 939 2795 difficile
959 2731 1045 2795 enim
1064 2751 1133 2794 esse

130 2815 165 2879 in
188 2818 256 2879 tam
278 2817 460 2901 propinquo
483 2818 554 2885 loco
574 2823 646 2883 tuto
666 2840 739 2883 eum
758 2819 888 2883 versari.
922 2819 1032 2902 itaque
1051 2817 1134 2902 Pyd-

131 2925 206 2968 nam
234 2926 308 2969 eum
336 2905 449 2971 deduci
476 2906 572 2972 iussit
599 2911 632 2971 11
660 2907 746 2990 quod
769 2907 849 2971 satis
873 2911 959 2971 11111
980 2906 1133 2990 praesidii

97 3007 112 3057 o
131 2991 228 3057 dedit.
265 2993 318 3057 hic
336 2993 371 3057 in
388 3016 504 3059 navem
522 2995 672 3060 omnibus
695 2995 827 3080 ignotus
849 2994 958 3059 nautis
982 2993 1133 3059 escendit.

132 3101 213 3163 quae
242 3103 315 3145 cum
342 3085 536 3165 tempestate
564 3083 705 3148 maxima
732 3081 861 3147 Naxum
893 3081 1045 3166 ferretur,
1075 3082 1133 3146 ubi

131 3171 202 3232 tum
220 3167 469 3234 Atheniensium
487 3173 558 3234 erat
575 3171 744 3254 exercitus,
768 3170 870 3235 sensit
888 3169 1133 3254 Themistocles,

131 3256 160 3319 si
183 3277 220 3321 eo
244 3257 456 3341 pervenisset,
484 3258 547 3322 sibi
570 3280 640 3323 1111
662 3258 868 3342 pereundum.
913 3257 974 3322 hac
996 3258 1133 3323 necessi·

131 3346 200 3406 tate
214 3347 345 3409 coactus
361 3344 491 3409 domino
505 3346 606 3431 navis,
626 3347 697 3429 quis
715 3346 768 3429 sit,
787 3346 901 3429 aperit,
919 3347 1023 3410 multa
1040 3345 1133 3428 polli-

96 3445 216 3515 tcens,
239 3432 267 3496 si
290 3453 324 3496 11
348 3437 578 3497 conservasset.
614 3437 650 3498 at
672 3433 727 3496 ille
746 3433 918 3498 clarissimi
937 3434 998 3498 viri
1017 3438 1131 3518 captus

118 3518 347 3583 misericordia
370 3519 455 3585 diern
477 3525 672 3606 noctemque
694 3521 807 3606 procul
826 3522 867 3585 ab
886 3521 992 3586 insula
1010 3522 1044 3586 in
1063 3521 1132 3586 salo
