2460 3848
140 218 184 279 14
440 211 475 267 rr
494 210 775 298 rurnmrocnns.
805 218 845 266 10.

138 354 242 442 bant),
256 356 471 440 Lampsacum
485 360 602 440 autem,
615 355 698 419 unde
707 355 818 419 vinum
833 360 983 436 sumeret,
995 355 1142 443 Mynnta,

139 468 178 512 ex
201 468 265 530 qua
287 446 458 509 obsonium
480 443 625 508 haberet.

115 592 133 607 ,
161 568 167 587 ·
226 533 331 599 Huius
358 534 399 597 ad
425 536 572 596 nostram
599 531 789 595 memoriam
816 537 1025 597 monumenta
1052 557 1140 598 man·

139 625 253 688 senmt
274 622 351 685 duo:
375 620 558 704 sepulcrum
579 640 679 703 prope
703 619 865 703 oppidum,
888 621 923 684 in
942 643 1004 704 quo
1025 626 1075 686 est
1094 644 1141 687 se·

103 712 258 796 spultus,
277 712 387 773 statua
404 709 439 773 in
456 706 527 771 foro
542 706 736 792 Magnesiae.
769 708 807 772 de
827 709 916 773 cuius
936 713 1041 774 morte
1061 712 1141 774 mul·

138 798 270 863 timodis
294 798 378 881 apud
400 797 571 880 plerosque
595 795 830 881 scriptumest,
853 798 1143 865 sednoseundem

138 886 345 971 potissimum
359 883 577 968 Thucydidem
591 887 757 948 auctorem
774 884 959 969 probamus,
979 907 1034 968 qm
1025 886 1142 951 illum

139 975 187 1040 ait
215 973 402 1061 Magnesiae
434 971 547 1036 morbo
580 976 745 1036 mortuum
776 993 879 1073 neque
911 978 1010 1059 negat
1042 974 1142 1039 fuisse

138 1063 270 1149 famam,
292 1082 449 1127 venenum
471 1081 530 1124 sua
553 1064 668 1143 sponte
692 1061 876 1146 sumpsisse,
899 1083 972 1126 cum
993 1083 1037 1146 se,
1060 1084 1142 1146 quae

139 1153 210 1238 regi
233 1152 272 1215 de
291 1149 427 1214 Graecia
446 1147 653 1232 opprimenda
675 1149 840 1232 pollicitus
860 1154 955 1233 esset,
977 1113 1142 1234 prdestare

104 1258 234 1339 oposse
264 1238 457 1320 desperaret
502 1237 588 1300 idem
611 1258 686 1301 ossa
709 1238 778 1301 eius
802 1237 885 1301 clam
907 1238 1035 1302 inAtt'
996 1243 1076 1303 ttrca
1099 1240 1141 1303 ab

140 1327 252 1392 amicis
267 1325 373 1409 sepult
374 1346 393 1388 a
393 1324 569 1409 ,quoniam
583 1324 709 1410 legibus
723 1347 790 1390 non
803 1327 1039 1412 concederetur,
1055 1328 1142 1411 qnod

64 1414 66 1418 ’
138 1414 331 1499 proditionis
354 1417 440 1478 esset
463 1413 643 1496 damnatus,
666 1414 840 1478 memoriae
862 1414 1014 1497 prodidit.

467 1715 531 1789 HL
559 1715 817 1789 ARISTIDES.

103 1859 118 1921 1
227 1852 402 1938 Aristides,
425 1852 612 1938 Lysimachi
633 1855 733 1939 filius,
756 1854 975 1938 Atheniensis,
1000 1855 1143 1939 aequalis

139 1942 205 2006 fere
227 1941 291 2006 fuit
308 1941 521 2005 Themistocli
544 1947 641 2025 atque
661 1965 733 2007 cum
752 1964 789 2006 eo
808 1943 846 2006 de
864 1943 1053 2043 principatu
1072 1964 1144 2008 con-

104 2029 257 2097 atendit:
297 2051 436 2112 namque
460 2030 685 2094 obtrectarunt
707 2031 793 2093 inter
816 2051 858 2093 se.
903 2031 938 2093 in
959 2031 1011 2094 his
1034 2035 1091 2094 aut
1092 2053 1144 2094 em

140 2119 307 2204 cognitum
334 2121 399 2201 est,
427 2121 548 2199 quanto
577 2120 756 2181 antestaret
783 2117 1004 2199 eloquentia
995 2139 1144 2182 innocen-

140 2207 213 2270 tiae.
259 2226 454 2289 quamquam
477 2205 563 2268 enim
586 2205 665 2269 adeo
689 2205 866 2269 excellebat
888 2203 980 2268 Arist
981 2205 1049 2269 ides
1073 2207 1144 2270 abs·

140 2294 292 2377 tinentia,
322 2297 361 2358 ut
388 2313 469 2356 unus
501 2297 578 2376 post
610 2292 779 2357 hominum
811 2293 1016 2377 memoriam,
1047 2315 1144 2376 quem

141 2383 270 2467 quidem
291 2402 351 2445 nos
374 2381 584 2465 audierimus,
612 2381 803 2465 cognomine
830 2379 902 2445 Iust
888 2385 940 2445 tus
969 2381 1014 2446 sit
1037 2383 1144 2466 appel·

139 2471 240 2554 latus,
267 2474 418 2534 tamena
441 2467 659 2532 Themistocle
682 2468 913 2533 collabefactus
937 2471 1058 2534 testula
1087 2470 1144 2534 illa

105 2577 121 2626 3
140 2558 236 2622 exilio
260 2559 369 2623 decem
392 2578 550 2621 annorum
573 2557 730 2621 multatus
749 2561 808 2621 est.
847 2557 903 2640 qui
922 2559 1051 2641 quidem
1070 2580 1144 2622 cum

91 2717 95 2723 .
139 2646 344 2731 intellegeret
357 2645 489 2729 reprimi
503 2647 699 2710 concitatam
709 2646 951 2710 multitudinem
960 2669 1026 2711 non
1039 2668 1144 2730 posse,

141 2734 318 2817 cedensque
337 2734 619 2798 animadvertisset
638 2734 797 2817 quendam
811 2735 1016 2818 scribentem,
1034 2738 1072 2798 ut
1090 2756 1145 2818 pa-

140 2823 204 2886 tria
221 2822 405 2906 pelleretur,
424 2822 587 2905 quaesisse
602 2823 643 2886 ab
658 2843 696 2886 eo
715 2821 842 2907 dicitur,
861 2845 959 2906 quare
973 2823 1006 2886 id
1023 2822 1146 2886 faceret

141 2913 198 2974 aut
213 2910 289 2992 quid
303 2907 464 2973 Aristides
479 2909 705 2994 commisisset,
725 2932 781 2974 cnr
800 2915 893 2975 tante
910 2931 1015 2994 poena
1028 2910 1144 2994 dignus

106 2998 319 3064 4duceretur.
365 2998 416 3062 cui
445 2998 500 3061 illc
529 2998 697 3081 respondit
727 3020 761 3062 so
791 2999 942 3084 ignorare
969 2996 1145 3080 Aristiden,

141 3086 197 3150 sed
220 3085 284 3149 sibi
306 3107 372 3150 non
394 3086 534 3169 plaeere,
558 3086 644 3169 quod
666 3090 735 3150 tam
758 3087 872 3170 cupide
894 3086 1085 3170 laborasset,
1108 3091 1146 3150 ut

106 3177 270 3258 epraeter
293 3177 417 3238 ceteros
441 3173 551 3238 Iustus
575 3174 801 3257 appellaretur.
840 3173 893 3237 hic
917 3174 1027 3237 decem
1050 3195 1146 3238 anno-

140 3285 213 3326 rum
235 3262 416 3347 legitimam
438 3284 577 3347 poenam
599 3284 665 3326 non
687 3262 832 3346 pertulit.
872 3283 949 3325 nam
972 3266 1147 3346 postquam

141 3349 263 3414 Xerxes
287 3351 321 3414 in
345 3348 513 3415 Graeciam
536 3349 711 3434 descendit,
735 3354 826 3414 sexto
849 3348 917 3415 fere
940 3372 1024 3414 anno
1049 3373 1147 3434 quam

141 3442 212 3503 erat
235 3438 386 3521 expulsus
392 3489 401 3523 ,
427 3438 540 3522 populi
568 3439 650 3503 scito
674 3439 708 3502 in
729 3437 871 3522 patriam
894 3439 1065 3503 restitutus
1089 3442 1147 3502 est.

93 3527 127 3581 2
222 3525 384 3590 Interfuit
413 3530 524 3592 autem
554 3546 684 3613 pugnae
715 3526 825 3590 nauali
856 3527 943 3610 apud
974 3525 1148 3610 Salamina,
