2460 3848
156 215 198 279 66
445 213 531 268 XVII.
549 211 758 268 AGESILAUS.
787 224 811 269 2.
831 221 856 268 3.

117 359 140 424 2
242 359 304 423 Hic
342 359 537 442 simulatque
573 358 701 442 imperii
737 360 863 443 potitus
895 363 961 444 est,
996 360 1160 443 persuasit

154 447 417 513 Lacedaemoniis
439 452 477 512 ut
500 467 568 512 eum
591 447 734 512 exereitu
754 469 788 512 se
807 448 976 512 mitterent
994 448 1029 511 in
1043 446 1159 512 Asiam

154 536 339 619 bellumque
367 535 437 622 regi
464 534 621 620 facerent,
651 535 768 600 docens
796 536 899 600 satius
928 557 998 600 esse
1020 536 1056 599 in
1077 535 1159 601 Asia

155 646 252 709 quam
270 625 305 687 in
317 622 450 707 Europa
467 623 622 689 dimicari.
655 644 794 707 namque
817 622 905 689 fame
927 623 1050 688 exierat
1063 622 1160 688 Arta

153 734 273 779 xerxen
296 733 482 796 comparare
506 713 624 776 classes
642 711 870 796 pedestresque
890 712 1058 796 exercitus,
1078 733 1159 795 quos

118 815 135 863 2
154 802 189 865 in
209 799 377 865 Graeciam
391 800 555 864 mitteret.
591 799 668 864 data
689 803 853 883 potestate
876 804 970 864 tanta
993 800 1158 866 eeleritate

154 910 232 954 usus
260 893 325 973 est,
356 893 394 954 ut
422 888 512 972 prius
539 889 574 953 in
596 887 711 953 Asiam
738 909 811 953 cum
839 889 940 972 copiis
967 888 1160 974 pervenerit,

155 999 253 1061 quam
267 977 349 1064 regii
363 980 511 1060 satrapae
525 997 599 1041 eum
614 976 734 1040 seirent
746 976 937 1060 profectum.
957 997 1020 1060 quo
1034 975 1159 1041 factum

118 1081 135 1129 3
154 1070 206 1131 est
227 1070 266 1130 ut
284 1087 394 1131 omnes
412 1066 591 1148 imparatos
609 1064 892 1149 imprudentesque
911 1064 1095 1130 offenderet.
1125 1065 1159 1129 id

145 1158 192 1219 ut
211 1154 363 1241 cognovit
378 1151 620 1238 Tissaphernes,
643 1153 699 1235 qui
718 1174 879 1217 summum
896 1153 1069 1236 imperium
1087 1157 1158 1217 tum

154 1243 239 1308 inter
261 1240 442 1325 praefectos
464 1240 608 1306 habebat
630 1241 747 1327 regios,
769 1241 910 1306 indutias
930 1240 1089 1306 aLacone
1104 1262 1158 1325 pe·

155 1331 241 1415 tivit,
263 1330 420 1394 simulans
441 1350 474 1394 se
493 1330 568 1393 dare
587 1350 728 1413 operam,
750 1333 788 1393 ut
802 1328 1064 1394 Lacedaemoniis
1084 1350 1158 1393 cum

155 1439 230 1504 rege
250 1419 444 1501 conveniret,
462 1439 497 1482 re
516 1421 625 1482 autem
638 1438 714 1482 vera
732 1416 773 1481 ed
791 1418 901 1502 copias
916 1416 1158 1502 comparandas,

118 1520 137 1568 4
155 1527 273 1590 easque
296 1506 484 1590 impetravit
506 1506 719 1570 trimenstres.
752 1505 872 1570 iuravit
891 1511 1000 1571 autem
1022 1509 1158 1590 uterque

155 1616 189 1659 se
214 1595 282 1659 sine
305 1594 379 1659 dolo
402 1593 544 1659 indutias
564 1597 837 1659 conservaturum.
873 1594 908 1659 in
927 1616 991 1679 qua
1007 1592 1158 1678 pactione

155 1704 281 1748 summa
303 1683 365 1747 fide
388 1683 509 1747 mansit
527 1680 713 1768 Agesilaus,
736 1687 850 1747 contra
872 1705 910 1747 ea
925 1681 1158 1766 Tissaphernes

117 1771 236 1836 anihil
260 1770 347 1835 aliud
366 1792 463 1854 quam
482 1770 605 1835 bellum
620 1771 827 1854 comparavit.
863 1770 896 1835 id
915 1771 978 1836 etsi
997 1769 1160 1836 sentiebat

154 1857 254 1944 Laco,
284 1864 394 1924 tamen
420 1859 641 1924 iusiurandum
664 1859 815 1924 servabat
837 1860 1040 1944 multumque
1062 1858 1097 1921 in
1119 1880 1157 1924 eo

155 1969 189 2011 se
213 1948 366 2030 consequi
392 1946 534 2032 dicebat,
562 1946 648 2030 quod
670 1944 901 2030 Tissaphernes
929 1947 1070 2031 periurio
1099 1967 1157 2012 suo

155 2038 187 2098 et
209 2035 357 2100 homines
380 2035 447 2099 suis
470 2034 566 2099 rebus
590 2034 788 2099 abalienaret
812 2039 845 2099 et
868 2035 944 2100 deos
968 2035 1032 2099 sibi
1054 2035 1157 2099 iratos

155 2121 317 2206 redderet,
349 2143 382 2186 se
414 2126 524 2187 autem
557 2127 746 2187 conservata
777 2123 933 2210 religione
966 2123 1157 2187 confirmare

155 2211 345 2294 exercitum,
378 2231 451 2275 eum
483 2209 752 2275 animadverteret
784 2210 879 2277 deum
905 2231 1025 2276 numen
1051 2209 1157 2275 facere

156 2321 274 2384 seeum,
295 2298 507 2382 hominesque
530 2298 594 2363 sibi
617 2299 788 2364 conciliare
811 2300 988 2384 amiciores,
1011 2297 1097 2382 quod
1115 2298 1157 2363 iis

156 2388 284 2453 studere
312 2390 536 2471 consuessent,
563 2408 644 2470 quos
672 2409 861 2453 conservare
884 2388 980 2452 fidem
1002 2386 1158 2452 viderent.

119 2474 140 2538 3
241 2475 421 2559 Postquam
453 2475 652 2540 indutiarum
682 2477 852 2560 praeteriit
883 2476 967 2561 dies,
997 2475 1158 2541 barbarus

153 2585 220 2629 non
242 2562 403 2648 dubitans,
427 2563 512 2646 quod
535 2564 636 2649 ipsius
661 2568 753 2629 erant
774 2565 916 2649 plurima
938 2563 1101 2629 domicilia
1122 2564 1157 2628 in

154 2649 250 2716 Caria
272 2655 305 2715 et
328 2673 366 2716 ea
388 2652 477 2738 regio
501 2652 541 2716 iis
564 2653 766 2735 temporibus
789 2653 893 2718 multo
916 2652 1093 2738 putabatur
1111 2653 1158 2716 lo·

155 2738 385 2823 cupletissima,
407 2761 444 2804 eo
468 2739 675 2824 potissimum
697 2739 808 2805 hostes
827 2742 986 2825 impetum
1005 2740 1157 2827 facturos,

117 2842 265 2893 aomnes
299 2849 372 2892 suas
401 2827 510 2911 copias
537 2849 575 2893 eo
603 2832 817 2893 contraxerat.
862 2833 897 2893 at
923 2828 1095 2916 Agesilaus
1122 2828 1157 2893 in

153 2914 331 3002 Phrygiam
354 2936 388 2979 se
412 2916 571 2980 convertit
594 2937 728 3000 eamque
751 2917 841 3000 prius
863 2917 1078 3000 depopulatus
1097 2921 1158 3002 est,

154 3025 252 3087 quam
265 3002 497 3087 lissaphernes
516 3025 653 3088 usquam
667 3026 701 3069 se
715 3008 868 3070 moveret.
900 3025 1018 3090 magna
1036 3004 1158 3088 praeda

48 3144 62 3154 r
154 3091 313 3157 militibus
345 3092 553 3175 locupletatis
579 3091 746 3176 Ephesum
772 3093 951 3157 hiematum
979 3093 1157 3158 exereitum

153 3180 281 3244 reduxit
303 3182 401 3263 atque
424 3180 470 3243 ibi
494 3179 632 3245 officinis
655 3202 819 3246 armorum
848 3180 1010 3244 institutis
1038 3202 1158 3268 magna

153 3267 314 3332 industria
342 3267 464 3331 bellum
487 3268 664 3352 apparavit.
709 3273 743 3333 et
766 3290 829 3353 quo
853 3268 1029 3333 studiosius
1054 3291 1157 3334 arma·

152 3359 264 3433 rentur
299 3355 521 3441 insigniusque
553 3362 762 3440 ornarentur,
796 3356 941 3441 praemia
976 3358 1157 3442 proposuit,

153 3443 270 3524 quibus
298 3443 506 3528 donarentur,
536 3465 672 3528 quorum
699 3445 830 3532 egregia
856 3445 891 3509 in
913 3466 951 3509 ea
977 3467 1012 3509 re
1038 3444 1158 3510 fuisset

95 3541 120 3583 a
133 3527 311 3594 Jirdustrr'a.
347 3530 431 3596 fecit
448 3531 535 3598 idem
559 3533 593 3598 in
617 3533 885 3599 exercitationum
907 3533 1086 3620 generibus,
1109 3538 1157 3620 ut,
