2460 3848
408 217 480 274 XIV.
500 217 682 274 DATAMES.
710 227 735 276 4.
754 225 779 276 ὅ.
916 231 918 235 ’
1053 223 1095 286 51

90 362 223 426 transiit
250 384 353 445 eoque
381 384 445 446 quo
475 364 644 427 studuerat
675 363 772 429 venit.
819 344 952 447 quaeritl
979 367 1096 450 quibus

90 450 171 515 locis
205 450 249 514 sit
279 450 396 534 Aspis:
433 451 602 536 cognoscit
632 450 719 516 haud
750 452 847 537 longe
880 454 993 518 abesse
1025 477 1097 538 pro-

90 537 275 620 fectumque
299 541 371 607 tum
393 542 555 604 venatum.
602 561 697 622 quem
720 541 796 617 dum
820 543 1022 627 speculatur,
1045 544 1097 606 ad·

90 631 207 691 ventus
230 626 299 690 eius
323 649 420 691 causa
443 628 658 713 cognoscitur.
694 626 821 693 Pisidas
845 652 918 694 cum
940 630 991 714 iis,
1015 652 1096 714 quos

92 736 202 779 secum
227 714 384 799 habebat,
414 716 454 780 ad
481 716 697 781 resistendum
719 715 819 800 Aspis
843 722 1019 802 comparat.
1063 719 1131 796 id5

91 802 248 868 Datames
270 804 328 868 ubi
351 804 488 889 audivit,
520 827 610 869 arma
639 804 752 888 sumit,
780 826 855 870 suos
879 808 970 889 sequi
992 807 1097 891 iubet3

92 893 162 975 ipse
186 914 268 976 equo
293 893 456 957 concitato
481 894 521 956 ad
542 894 673 957 hostem
690 892 829 957 vehitur.
866 916 962 977 quem
984 897 1096 979 procul

92 980 191 1065 Aspis
216 981 416 1065 conspiciens
440 981 480 1044 ad
503 1003 537 1045 66
560 980 718 1046 ferentem
740 982 942 1065 pertimescit
961 987 1097 1066 atquea

93 1074 211 1134 conatu
225 1069 397 1134 resistendi
433 1070 585 1134 eterritus
600 1092 670 1134 sese
684 1069 814 1134 dedidit.
841 1069 927 1135 hunc
940 1070 1095 1136 Datames

92 1158 238 1224 1111611111
260 1158 300 1221 ad
323 1157 399 1243 rege
456 1158 634 1222 ducendum
657 1158 758 1221 tradit
780 1157 973 1223 Mithridati.

180 1246 270 1311 Haec
297 1246 374 1310 dum
401 1249 572 1332 geruntur,
602 1246 799 1311 Artaxerxes
827 1248 1050 1332 reminiscens,
1077 1261 1136 1327 a5

93 1339 214 1418 quanto
238 1334 324 1399 bollo
348 1335 388 1398 ad
412 1357 509 1418 quam
530 1357 665 1418 parvam
687 1357 755 1398 rem
778 1335 957 1419 principem
980 1337 1097 1402 (116111

93 1423 246 1506 misisset,
269 1443 303 1487 se
324 1423 395 1507 ipse
417 1423 623 1507 reprehendit
642 1427 675 1486 61
692 1423 843 1487 nuntium
862 1424 902 1487 ad
921 1424 1097 1489 exercitum

93 1510 184 1576 Acen
206 1510 310 1595 misit,
339 1513 424 1594 quod
450 1512 594 1577 nondum
616 1510 779 1594 Datamen
800 1512 983 1594 profectum
1005 1517 1098 1596 puta·

92 1600 160 1684 bat,
184 1599 240 1682 qui
263 1599 393 1684 diceret,
414 1622 455 1665 ne
479 1601 519 1664 ab
543 1600 686 1663 exercitu
704 1599 890 1664 discederet.
924 1601 977 1664 hic
995 1602 1097 1683 prius-

94 1709 192 1770 quam
214 1689 410 1772 perveniret,
438 1709 502 1770 quo
526 1691 596 1750 erat
618 1686 797 1770 profectus,
823 1687 858 1751 in
885 1687 1001 1751 itinere
1024 1710 1097 1752 con-

92 1776 191 1860 venit,
206 1776 261 1859 qui
275 1775 392 1859 Aspim
406 1776 576 1840 ducebant.
599 1796 663 1856 qua
678 1774 843 1839 celeritate
858 1797 931 1839 cum
945 1796 1097 1860 magnam
1115 1807 1131 1855 2

93 1864 346 1928 benivolentiam
377 1864 464 1949 regis
491 1862 647 1927 Datames
678 1866 869 1927 consecutus
903 1868 1001 1948 esset,
1031 1886 1097 1929 non

94 1952 252 2016 minorem
270 1951 426 2016 invidiam
444 1951 623 2016 aulicorum
637 1951 772 2036 excepit,
790 1951 876 2034 quod
890 1952 984 2016 illum
996 1974 1097 2016 unum

93 2041 197 2125 pluris
217 2062 314 2124 quam
333 2061 367 2104 se
386 2061 498 2104 omnes
518 2039 589 2103 fieri
607 2039 768 2104 videbant.
803 2061 866 2123 quo
885 2040 973 2104 facto
989 2041 1097 2105 cuncti

93 2130 134 2194 ad
157 2151 230 2194 eum
254 2129 500 2212 opprimendum
522 2131 761 2192 consenserrmt.
801 2129 880 2192 haec
903 2127 1130 2213 Pandantes,3

93 2239 192 2304 gazae
224 2222 333 2282 custos
365 2217 488 2303 regiae,
519 2217 641 2281 amicus
673 2215 821 2300 Datami,
852 2217 1035 2300 perscripta
1066 2218 1096 2282 61

93 2307 211 2391 mittit,
240 2307 276 2370 in
299 2307 415 2390 quibus
439 2306 534 2370 docet
557 2306 687 2370 61111111
710 2325 828 2389 magno
852 2304 920 2369 fore
942 2305 1096 2389 periculo,

94 2396 123 2458 si
147 2395 223 2476 quid
245 2395 303 2458 illo
326 2395 508 2479 imperante
532 2393 657 2458 adversi
686 2393 721 2456 in
742 2392 894 2478 Aegypto
918 2392 1096 2456 accidisset.

93 2504 232 2565 namque
256 2504 327 2546 eam
350 2504 420 2547 6666
439 2481 703 2547 consuetudinem
721 2481 855 2565 regiam,
876 2483 914 2543 ut
932 2500 1025 2543 casus
1045 2480 1097 2544 ad·
1113 2511 1131 2559 4

93 2591 205 2636 versos
236 2570 422 2634 hominibus
450 2570 611 2652 tribuant,
642 2568 799 2633 secundos
828 2565 978 2630 fortunae
1006 2590 1096 2632 suae:

95 2681 159 2743 quo
186 2658 257 2722 fieri
283 2662 321 2721 ut
348 2658 443 2722 facile
470 2658 679 2740 impellantur
707 2657 747 2720 ad
774 2676 886 2718 eorum
912 2655 1096 2741 perniciem,

96 2768 232 2831 quorum
255 2746 353 2811 ductu
375 2767 426 2810 res
450 2746 533 2808 male
556 2750 667 2830 gestae
690 2744 888 2808 nuntientur.
923 2743 1016 2808 illum
1034 2745 1096 2809 hoc

95 2835 217 2899 maiore
240 2833 309 2898 1616
331 2834 367 2898 in
389 2833 587 2917 discrimine,
611 2832 709 2916 quod,
737 2832 854 2914 quibus
877 2853 933 2895 rex
956 2833 1095 2895 maxime

96 2923 255 3006 oboediat,
274 2944 329 2987 eos
347 2921 467 2986 habeat
484 2921 735 2985 inimicissimos.
767 2920 887 2983 talibus
905 2921 961 2983 ille
975 2920 1094 2984 litteris
1114 2953 1130 3002 5

95 3011 250 3097 cognitis,
273 3034 346 3076 cum
368 3010 435 3074 iam
458 3010 499 3073 ad
521 3009 698 3073 exercitum
720 3007 810 3072 Acen
832 3009 986 3090 venisset,
1010 3007 1095 3089 quod

94 3122 160 3165 non
181 3101 356 3185 ignorabat
378 3120 416 3163 ea
437 3120 511 3162 1616
535 3097 665 3180 scripta,
689 3097 863 3161 desciscere
887 3119 906 3159 a
929 3116 1004 3179 rege
1023 3116 1096 3160 con·

96 3189 215 3253 stituit.
259 3209 362 3270 neque
386 3191 496 3251 tamen
519 3186 692 3268 quicquam
714 3184 805 3268 fecit,
835 3184 920 3267 quod
947 3183 1009 3247 fide
1037 3205 1096 3247 sua

95 3282 181 3342 esset
199 3277 375 3362 indignum.
409 3297 485 3339 nam
504 3272 723 3338 Mandroclem
737 3273 923 3358 Magnetem
941 3272 1096 3336 exercitui
1115 3308 1129 3355 6

93 3364 263 3450 praefecit,
284 3366 354 3449 ipse
378 3386 450 3429 cum
474 3363 541 3426 suis
563 3362 598 3426 in
613 3360 849 3447 Cappadociam
868 3360 1003 3424 discedit
1024 3381 1096 3425 con·

93 3455 301 3607 iugatamque
324 3453 399 3517 huic
422 3451 678 3536 Paphlagoniam
705 3455 855 3534 occupat,
885 3449 1012 3528 celans,
1033 3471 1105 3526 116

115 3565 134 3608 o

93 3567 114 3609 11
148 3547 261 3608 111616
281 3545 367 3606 66661
384 3542 419 3606 in
436 3561 558 3629 regem.
595 3541 683 3607 clam
700 3561 781 3606 cum
795 3528 1135 3602 Mirebarnanetaexu

948 3631 983 3680 32(-
