2460 3848
127 188 170 252 72
431 188 530 243 XVIII.
549 187 729 243 EUMENES.
757 195 781 242 2.
802 193 827 242 t.

127 333 213 418 quod
243 332 311 397 fere
344 354 454 399 omnes
486 333 521 397 in
552 333 679 419 magnis
710 332 855 417 imperiis
887 331 1123 417 concupiscunt,

89 438 109 486 4
127 421 272 488 omnium
288 425 399 504 partes
418 421 578 505 corripere
597 425 694 504 atque
713 421 894 505 complecti.
929 442 1033 504 neque
1050 440 1123 486 vero

126 511 189 576 hoc
220 509 276 573 ille
309 510 397 574 solus
424 508 515 592 feeit,
548 509 605 574 sed
632 510 732 574 ceteri
759 531 887 593 quoque
915 530 1040 593 omnes,
1072 508 1121 593 qri

126 597 303 664 Alexandri
326 597 455 662 fuerant
477 597 583 662 amici.
626 598 751 681 primus
774 596 960 663 Leonnatus
983 595 1120 663 Macedo

126 688 215 752 niam
246 707 480 770 praeoccupare
508 685 692 751 destinarit.
740 687 769 750 is
796 686 908 751 multis
938 686 1120 772 magnisque

127 774 419 861 pollicitationibus
445 774 637 858 persuadere
659 773 798 838 Eumeni
826 774 963 857 studuit,
989 778 1028 838 ut
1054 773 1120 838 Ptr—

91 865 252 928 adieoam
279 863 439 927 desereret
466 884 504 927 ac
531 884 640 927 secum
666 861 788 927 faceret
811 863 1009 928 societatem.
1055 882 1118 933 cun

127 951 300 1036 perducere
324 973 398 1015 eum
419 972 485 1016 non
506 955 627 1033 posset,
652 950 832 1016 interficere
855 955 990 1016 conatus
1014 953 1118 1017 estet

127 1040 273 1124 fecisset,
299 1039 364 1103 nisi
389 1039 445 1102 ille
472 1039 556 1102 elam
582 1042 682 1103 noctu
709 1059 749 1102 ex
770 1039 939 1122 praesidiis
962 1040 1031 1104 eius
1055 1024 1117 1103 ru-

153 1129 240 1193 'sset
365 1128 384 1142 “

93 1150 163 1283 3gl
216 1215 353 1280 Interim
380 1214 519 1279 conflata
546 1219 622 1279 sunt
648 1215 705 1280 illa
732 1215 831 1301 bella,
858 1237 940 1299 quae
966 1216 1007 1279 ed
1033 1214 1115 1281 iter·

128 1305 290 1370 nicionem
311 1306 388 1386 post
409 1301 585 1368 Alexandri
607 1308 747 1368 mortem
769 1308 863 1389 gesta
889 1308 979 1389 sunt,
1005 1298 1112 1371 omes-

130 1415 192 1476 que
215 1394 445 1457 concurrenmt
467 1391 508 1455 ad
530 1390 717 1457 Perdiccam
739 1392 993 1475 opprimendum
1035 1408 1112 1455 uem

130 1481 193 1546 etsi
220 1479 385 1544 infirmnm
411 1478 556 1563 videbat,
583 1480 668 1563 quod
695 1501 779 1545 unus
806 1481 956 1546 omnibus
979 1478 1112 1551 resitere

130 1569 321 1656 cogebatur,
344 1571 454 1632 tamen
476 1568 615 1633 amicum
636 1589 702 1633 non
724 1567 867 1632 deseruit
888 1590 991 1652 neque
1015 1563 1111 1635 slutis

94 1674 229 1760 aquam
251 1655 411 1758 1111θὶῄῆ
433 1656 588 1758 cupidior.
632 1656 831 1740 praefecerat
853 1657 938 1758 huno
960 1638 1109 1819 Ρῖιῖοοαε

130 1743 393 1917 dilatat,
409 1742 1110 1917 qttttrffttttptttttrttltz

131 1921 336 2004 adversariis,
358 1920 428 2004 ipse
442 1919 629 2006 Aegyptum
648 1926 872 2007 oppugnatum
890 1922 987 1986 adver
1032 1915 1109 1984 Pto·

95 2025 112 2073 a
130 2011 291 2074 lernaeum
309 2011 379 2072 erat
395 2007 569 2090 profectus.
604 2007 766 2073 Eumenes
785 2031 858 2075 cum
875 1904 1107 2183 ηθᾳιιοὲῑςηαε

131 2097 241 2180 copias
263 2116 367 2179 neque
389 2094 499 2159 firmas
522 2095 665 2180 haberet,
689 2097 773 2180 quod
797 2103 830 2161 et
850 2098 988 2163 inexerc‘
1017 2114 1054 2158 ae
1072 2101 1107 2160 et

130 2206 197 2250 non
219 2184 323 2249 multo
346 2186 421 2247 ante
444 2187 536 2247 erant
554 2188 748 2268 contractae,
771 2184 942 2250 adventare
991 2202 1042 2246 em
1060 2181 1106 2248 di-

132 2276 280 2339 cerentur
298 2270 610 2355 Hellespontumque
633 2273 790 2337 transisse
808 2272 965 2358 Antipate
997 2273 1012 2333 t
1029 2268 1105 2336 Ora·

132 2367 220 2428 teros
243 2381 361 2447 magno
383 2381 457 2425 curn
480 2360 623 2426 exercitu
645 2359 865 2443 Macedonum,
890 2363 951 2427 viri
986 2379 1019 2421 m
1042 2358 1105 2425 ela·

96 2452 229 2515 4ritate
266 2453 337 2514 tum
368 2469 430 2512 usu
465 2448 543 2514 belli
579 2453 780 2532 praestantes
814 2447 941 2535 (Maced

132 2539 253 2604 milites
277 2559 315 2602 ea
338 2541 408 2602 tum
431 2540 525 2601 erunt
547 2536 647 2623 fama,
675 2560 738 2621 qua
758 2559 844 2603 nune
866 2538 916 2603 Ro
966 2531 973 2544 ’
998 2531 1105 2602 ferun·

132 2631 200 2690 tur:
223 2626 343 2690 etenim
366 2646 492 2708 semper
513 2625 618 2690 habiti
641 2631 717 2692 sunt
735 2626 916 2711 fortissimi,
954 2618 1103 2690 'summi

132 2713 261 2797 imperii
283 2710 495 2799 potirentur):
524 2712 685 2780 Eumenes
712 2715 924 2800 intellegebat
950 2706 962 2769 1
989 2713 1103 2795 copiae

134 2823 210 2867 suae
233 2805 437 2886 cognossent,
460 2801 612 2867 adversus
631 2825 712 2886 quos
731 2803 923 2868 ducerentur
943 2815 986 2860 011
1004 2801 1103 2867 modo

97 2904 197 2954 enon
219 2889 338 2973 ituras,
361 2889 416 2954 sed
439 2890 536 2954 simul
559 2912 632 2956 eum
654 2892 768 2955 nuntio
791 2892 896 2974 dilaps
941 2932 947 2944 ·
989 2885 1101 2971 itaque

132 2978 195 3044 hoc
213 2978 243 3043 ei
261 2978 366 3042 visum
389 2981 440 3042 est
461 2978 757 3065 prudentissimum,
779 2984 817 3044 ut
839 2980 878 3044 de
902 2982 908 2994 ’
928 2969 1102 3043 itineribus

133 3066 254 3131 milltes
282 3065 425 3148 duceret,
454 3066 490 3130 in
516 3067 632 3149 quibus
660 3090 736 3132 vera
762 3067 871 3133 audire
955 3070 1101 3150 possent,

133 3158 167 3219 et
193 3154 234 3218 iis
261 3154 468 3237 persuaderet
494 3176 529 3219 se
557 3159 671 3220 eontra
698 3156 854 3239 quosdam
906 3143 1003 3247 batos
1025 3173 1100 3235 pro-

97 3242 242 3308 oficisci.
273 3245 369 3325 atque
393 3242 498 3307 tenuit
515 3242 578 3307 hoc
596 3244 800 3327 propositum
819 3248 852 3308 et
908 3253 976 3299 1111
994 3240 1099 3307 aciem

133 3330 310 3396 exeroItum
328 3329 438 3394 eduxit
460 3331 682 3414 proeliumque
701 3332 864 3397 commisit
904 3342 956 3386 am
975 3327 1098 3394 milites

134 3419 184 3482 sui
202 3419 331 3502 scirent,
355 3440 428 3482 cum
447 3419 563 3501 quibus
582 3440 672 3484 arma
691 3420 857 3486 eonferren
890 3408 978 3476 ffecst
997 3416 1098 3483 etiam

120 3504 211 3565 rllud
228 3506 378 3570 locorum
397 3507 707 3594 praeoccupatione,
727 3512 766 3573 ut
788 3530 851 3594 equ
874 3516 896 3559 u
918 3501 1028 3582 potius
1051 3505 1098 3570 di·
