2460 3848
212 190 256 252 94
502 186 600 243 XXIII.
619 185 817 241 HANNIBAL.
847 193 942 242 8-10.

212 336 246 399 in
264 332 457 416 Pamphylio
480 333 564 396 mari
586 331 739 397 conflixit.
775 332 811 396 io
829 354 893 415 quo
913 354 986 397 cum
1008 332 1219 398 multitudine

213 421 470 487 adversariorum
493 421 544 484 sui
572 423 814 505 superarentur,
843 421 913 504 ipse
937 441 1001 504 quo
1025 443 1125 486 cornu
1147 443 1219 486 rem

212 511 315 596 gessit
336 509 400 576 fuit
422 509 576 592 superior.

177 599 197 660 9
300 596 464 661 Antiocho
486 596 602 682 fugato
625 617 738 660 111111
760 617 802 662 11
825 597 1008 681 dederetur,
1038 598 1125 681 quod
1148 598 1218 662 sine

213 687 311 751 dubio
339 685 522 769 accidisset,
552 685 580 748 si
608 684 658 749 sui
685 684 817 750 fecisset
843 689 1055 771 potestatem,
1085 684 1218 752 Cretam

213 775 253 839 ad
277 773 453 857 Gortynios
475 773 575 857 venit,
596 777 634 836 ut
656 773 712 856 ibi,
736 795 799 857 quo
823 795 858 838 11
882 773 1051 858 conferret,
1074 775 1217 839 conside

178 878 194 925 1
213 866 309 927 reret.
338 861 420 926 vidit
439 865 548 926 autem
566 861 616 926 vir
634 861 779 926 omnium
797 861 1025 927 callidissimus
1043 863 1079 927 11
1096 884 1217 949 magno

213 973 247 1016 se
270 950 339 1015 fore
366 949 523 1034 periculo,
552 949 616 1014 nisi
645 949 722 1033 quid
748 950 957 1034 providisset,
983 955 1117 1034 propter
1145 974 1218 1016 111-

213 1039 323 1103 ritiam
350 1036 568 1104 Cretensium:
604 1058 756 1122 magnam
788 1039 874 1102 enim
906 1060 1015 1103 secum
1046 1041 1218 1123 pecuniam

177 1127 375 1212 aportabat,
398 1126 437 1189 de
461 1147 524 1209 qua
547 1125 671 1190 sciebat
694 1126 797 1190 exisse
820 1126 967 1197 famam..
994 1127 1104 1211 itaque
1128 1129 1219 1212 capit

212 1217 278 1280 tale
297 1214 476 1281 consilium.
511 1213 684 1297 amphoras
703 1214 885 1298 complures
909 1216 1050 1299 complet
1071 1216 1218 1302 plumbo,

213 1324 355 1368 summas
388 1302 494 1386 operit
525 1324 604 1366 auro
636 1306 670 1366 et
702 1307 845 1387 argento.
897 1303 956 1369 has
988 1305 1219 1392 praesentibus

211 1390 412 1476 principibus
444 1390 576 1474 deponit
607 1389 642 1454 in
673 1391 795 1474 templo
823 1390 961 1477 Dianae,
992 1392 1148 1458 simulans
1181 1416 1217 1460 se

213 1501 287 1545 suas
314 1478 461 1542 fortunas
489 1478 621 1542 illorum
647 1478 723 1543 fidei
749 1479 887 1544 credere.
931 1479 983 1544 his
1011 1481 1046 1544 in
1073 1503 1217 1547 errorem

212 1567 352 1633 inductis
375 1570 502 1631 statuas
526 1571 654 1650 adneas,
684 1588 763 1650 quas
794 1589 903 1632 secum
929 1569 1097 1654 portabat,
1127 1571 1217 1635 omni

213 1679 272 1721 sua
293 1655 430 1740 pecnnia
453 1655 594 1739 complet
617 1677 734 1739 easque
752 1655 787 1718 in
806 1657 980 1740 propatulo
999 1657 1088 1722 domi
1106 1659 1217 1724 abicit.

177 1743 365 1828 4Gortynii
388 1744 547 1827 templum
574 1763 693 1828 magna
720 1765 797 1808 cura
824 1744 1024 1829 custodiunt,
1053 1768 1120 1810 non
1146 1751 1217 1812 tam

213 1856 232 1898 a
255 1832 370 1897 ceteris
394 1853 492 1915 quam
518 1832 557 1895 ab
581 1830 776 1915 Hannibale,
797 1855 838 1896 nc
861 1833 916 1898 illc
939 1833 1151 1900 inscientibus
1174 1836 1216 1900 iis

213 1922 344 1985 tolleret
366 1940 424 1985 111
446 1941 618 2003 secumque
641 1920 780 1984 duceret.

173 2005 212 2069 10
304 2006 357 2071 Sic
376 2008 575 2072 conservatis
594 2007 661 2072 suis
679 2009 776 2072 rebus
795 2009 945 2073 omnibus
963 2008 1091 2074 Poenus
1109 2011 1217 2077 illusis

213 2094 421 2162 Cretensibus
450 2094 491 2158 ad
517 2093 666 2159 Prusiam
698 2095 732 2159 in
758 2095 900 2160 Pontum
930 2099 1085 2181 pervenit.
1131 2100 1218 2184 apud

214 2205 310 2268 quem
328 2186 440 2246 eodem
459 2181 567 2246 animo
586 2181 650 2246 fuit
668 2203 746 2267 erga
759 2181 891 2247 Italiam
904 2206 1008 2268 neque
1023 2186 1111 2251 aliud
1130 2187 1218 2271 quic·

214 2294 311 2356 quam
338 2271 407 2356 egit
435 2292 532 2355 quam
558 2291 669 2356 regem
693 2271 832 2336 11111111
855 2276 889 2336 11
912 2275 1039 2339 exacuit
1062 2275 1217 2341 adversus

178 2375 193 2423 2
213 2361 387 2425 Romanos.
420 2381 515 2443 quem
533 2380 607 2424 cum
625 2359 749 2423 rideret
767 2359 953 2425 domesticis
973 2363 1089 2446 opibus
1108 2364 1216 2429 minus

214 2471 284 2513 1111
308 2449 492 2532 robustum,
520 2447 714 2513 conciliabat
737 2452 861 2513 ceteros
884 2469 992 2534 reges,
1019 2451 1218 2538 adiungebat

213 2537 385 2602 bellicosas
407 2536 564 2600 nationes.
603 2535 781 2600 dissidebat
803 2538 899 2603 abeo
917 2536 1136 2624 Pergamenus
1159 2562 1218 2605 rex

213 2624 388 2707 Eumenes,
411 2623 567 2688 Romanis
591 2624 822 2709 amicissimus,
844 2626 1029 2711 bellumque
1051 2628 1138 2692 inter
1160 2650 1217 2694 eos

179 2713 387 2798 egerebatur
414 2716 448 2776 11
475 2712 557 2776 mari
584 2716 618 2776 11
644 2716 744 2797 11111;
776 2713 832 2777 sed
858 2715 1031 2799 utrobique
1053 2715 1217 2782 Eumenes

213 2802 287 2885 plus
318 2800 447 2864 valebat
483 2804 616 2884 propter
647 2800 868 2866 Romanorum
895 2803 1098 2871 ,societatem
1152 2827 1217 2889 quo

214 2888 319 2974 magis
338 2888 490 2972 cupiebat
508 2910 581 2952 eum
599 2887 762 2952 Hannibal
783 2890 931 2973 opprimi,
954 2913 1050 2975 quem
1069 2892 1098 2957 si
1114 2914 1218 2958 remo·

214 2978 325 3060 visset,
346 2976 494 3041 faciliora
517 2976 580 3040 sibi
599 2981 706 3041 cetera
724 2976 793 3042 fore
812 2978 1042 3044 arbitrabatur.
1072 2980 1218 3046 adhunc

180 3065 474 3130 tinterficiundum
506 3065 606 3128 talem
637 3065 712 3129 iniit
744 3066 911 3131 rationem.
965 3069 1068 3132 classe
1104 3069 1217 3152 paucis

215 3154 327 3218 diebus
351 3157 443 3217 erant
467 3152 636 3217 decreturi.
681 3155 894 3237 superabatur
916 3156 1048 3220 navium
1071 3157 1220 3221 multitu·

215 3242 302 3306 dine:
325 3242 399 3305 dolo
423 3245 494 3304 erat
511 3241 729 3326 pugnandum,
752 3263 825 3306 cum
843 3265 903 3326 par
920 3264 985 3307 non
1003 3248 1090 3309 11111
1108 3246 1218 3310 armis.

215 3330 387 3413 imperavit
415 3350 512 3412 quam
538 3329 695 3413 plurimas
727 3335 900 3395 venenatas
932 3337 1097 3416 serpentes
1127 3334 1218 3399 vivas

181 3433 197 3481 1
216 3417 328 3502 colligi
351 3438 468 3501 easque
493 3417 528 3481 in
546 3438 623 3481 1111
641 3417 755 3482 fictilia
773 3419 885 3483 conici
919 3420 1035 3486 harum
1054 3443 1127 3486 cum
1145 3421 1219 3485 effe·

209 3505 313 3567 111111
330 3525 487 3591 magnam
510 3505 767 3592 multitudinem,
794 3506 845 3571 die
872 3508 957 3593 ipso,
985 3531 1048 3593 quo
1071 3508 1218 3575 facturus
