2460 3848
379 215 477 269 XVIIL
496 215 677 271 EUMENES.
704 221 745 271 12.
767 222 807 270 13.
1058 215 1098 279 79

96 363 203 425 castra
230 363 449 444 moverentur,
475 359 632 425 insciente
660 361 827 446 Antigono
855 316 1020 446 iugulatus
1049 365 1100 426 est

15 488 17 495 ·
96 468 116 511 a
138 447 335 512 custodibus.

186 533 239 599 Sic
266 533 427 600 Eumenes
456 557 613 601 annorum
641 537 782 620 quinque
810 541 843 602 et
875 537 1098 622 quadraginta,
1112 539 1151 602 13

96 645 170 688 oum
193 623 233 686 ab
257 644 340 687 anno
364 623 527 708 vicesimo,
549 624 599 689 uti
622 645 720 708 supra
742 625 951 708 ostendimus,
975 629 1100 708 septem

96 732 197 775 annos
212 710 364 795 Philippo
379 711 591 797 apparuisset,
610 712 764 778 tredecim
781 714 865 797 apud
879 713 1099 778 Alexandrum

96 799 232 864 eundem
254 799 362 864 locum
385 800 590 884 obtinuisset,
612 801 647 865 in
670 801 717 865 eis
740 823 841 865 unum
864 801 1010 884 equitum
1028 801 1099 865 alae

95 887 299 972 praefuisset,
320 891 397 971 post
420 891 529 953 autem
547 887 722 954 Alexandri
745 887 858 974 Magni
880 893 1019 954 mortem
1042 889 1100 952 im·

95 980 227 1059 perator
258 975 417 1041 exercitus
449 976 593 1041 duxisset
620 998 827 1060 summosque
855 977 951 1042 duces
978 977 1099 1061 partim

96 1064 300 1148 reppulisset,
321 1065 443 1147 partim
465 1064 694 1150 interfecisset,
718 1069 830 1149 captus
853 1087 919 1130 non
940 1064 1099 1150 Antigoni

95 1152 225 1238 virtuto,
248 1153 304 1217 sed
323 1151 535 1217 Macedonum
557 1154 698 1237 periurio
722 1154 822 1217 talem
843 1154 959 1217 habuit
976 1153 1098 1218 exitum

95 1240 190 1305 vitae.
235 1241 270 1304 in
298 1261 361 1323 quo
390 1244 511 1324 quanta
540 1242 683 1306 omnium
712 1240 811 1307 fuerit
839 1241 949 1326 opinio
977 1257 1133 1324 eorum,a

96 1329 152 1412 qui
178 1332 255 1412 post
277 1327 497 1393 Alexandrum
524 1328 680 1415 Magnum
709 1350 802 1415 reges
830 1334 906 1394 sunt
933 1328 1098 1414 appellati,

96 1438 135 1480 ex
156 1417 219 1481 hoc
242 1415 395 1480 facillime
417 1421 528 1500 potest
550 1417 699 1502 iudicari,
727 1418 825 1502 quod,
851 1435 981 1500 quorum
1002 1439 1097 1482 nemo

95 1503 240 1569 Eumene
258 1504 332 1568 vivo
351 1525 407 1568 rex
425 1505 607 1589 appellatus
626 1509 685 1589 est,
709 1506 764 1569 sed
781 1505 973 1591 praefectus,
995 1506 1098 1569 eidem
1116 1521 1133 1568 3

95 1596 173 1676 post
198 1592 294 1656 huius
323 1613 473 1658 occasum
501 1593 614 1656 statim
641 1593 767 1678 regium
790 1598 941 1658 ornatum
969 1614 1099 1657 nomen·

96 1703 158 1765 que
187 1684 395 1764 sumpserunt
421 1701 538 1763 neque,
566 1681 651 1764 quod
680 1680 775 1745 initio
798 1681 1037 1763 praedicarant,
1064 1701 1098 1744 se

95 1768 272 1833 Alexandri
294 1768 405 1832 liberis
429 1788 565 1853 regnum
586 1789 722 1852 servare,
744 1773 910 1852 praestare
928 1769 1099 1832 voluerunt

96 1860 129 1921 et
155 1857 209 1921 boc
235 1877 298 1920 uno
325 1860 566 1940 propugnatore
594 1856 722 1921 sublato
747 1856 823 1939 quid
846 1857 1006 1921 sentirent
1028 1877 1099 1940 ape

96 1948 239 2009 ruerunt.
283 1942 380 2007 huius
404 1944 534 2008 sceleris
561 1944 723 2028 principes
751 1943 882 2009 fuerunt
904 1944 1099 2030 Antigonus,

96 2032 312 2116 Ptolemaeus,
336 2028 497 2116 Seleucus,
520 2031 741 2117 Lysimachus,
764 2031 972 2098 Cassandrus.
1006 2032 1134 2098 Anti-4

96 2143 199 2208 gonus
223 2125 332 2186 autem
354 2119 533 2185 Eumenem
556 2125 721 2186 mortuum
745 2122 936 2205 propinquis
960 2121 1028 2186 eius
1052 2143 1099 2186 se·

95 2210 279 2295 poliendum
302 2209 445 2273 tradidit.
480 2209 505 2272 ii
527 2209 663 2274 militari
685 2209 887 2293 honestoque
905 2209 1026 2293 funere,
1050 2231 1100 2274 co-

35 2326 36 2330 *
96 2301 233 2364 mitante
266 2301 338 2362 toto
369 2297 525 2381 exercitu,
556 2297 772 2362 humaverunt
804 2319 940 2380 ossaque
968 2297 1036 2362 eius
1064 2296 1099 2359 in

97 2385 333 2470 Cappadociam
347 2386 387 2448 ed
406 2389 544 2450 matrem
562 2389 660 2468 atque
677 2407 811 2450 uxorem
828 2385 1011 2467 liberosque
1030 2384 1099 2447 eius

97 2473 295 2558 deportanda
318 2477 480 2536 curarunt.

491 2631 702 2641 ...ιι-...-

422 2773 516 2845 ΧΙΧ.
548 2773 764 2846 PHOOION.

185 2911 330 2977 Phocion
351 2911 561 2976 Atheniensis
584 2911 646 2975 etsi
670 2932 764 2994 saepe
788 2910 981 2975 exercitibus
1009 2932 1097 2994 prae·
1120 2912 1135 2974 1

97 3002 162 3066 fuit
183 3021 389 3084 summosque
412 2999 624 3084 magistratus
648 2999 747 3083 oepit,
769 3002 880 3063 tamen
902 2996 1006 3062 multo
1029 2999 1097 3062 eius

97 3090 206 3155 notior
233 3093 284 3154 111
310 3088 481 3174 intcgritas
509 3087 595 3152 vitae
623 3108 720 3170 quam
747 3088 793 3152 rei
821 3087 972 3151 militaris
996 3086 1098 3150 labor.

97 3179 207 3260 itaque
228 3177 324 3242 huius
348 3175 504 3240 memoria
527 3179 578 3241 est
599 3175 702 3259 nulla,
731 3176 819 3239 illius
848 3179 956 3239 autem
979 3194 1098 3258 magna

97 3266 197 3350 fama,
224 3287 263 3330 ex
290 3286 354 3348 quo
378 3264 568 3349 cognomine
591 3263 701 3328 Bonus
725 3268 775 3328 est
798 3264 989 3348 appellatus.
1034 3261 1132 3327 suita

98 3355 184 3420 enim
210 3357 366 3438 perpetuo
393 3374 529 3436 pauper,
556 3373 629 3416 oum
657 3352 869 3417 divitissimus
893 3372 963 3414 esse
986 3354 1098 3433 posset

96 3446 231 3529 propter
248 3441 433 3525 frequentes
453 3440 577 3505 delatos
595 3441 734 3505 honores
752 3443 995 3525 potestatesque
1014 3460 1098 3503 sum-

96 3553 181 3616 mas,
213 3552 294 3614 quae
320 3529 351 3596 ei
378 3551 398 3594 a
423 3529 544 3615 populo
572 3529 747 3594 dabantur.
789 3529 853 3593 ‘iiic
884 3547 966 3589 eum
987 3547 1015 3585 a
1035 3533 1162 3596 11111»
