2460 3848
355 184 455 241 XXIII.
474 185 672 242 HANNIBAL.
703 191 815 242 10-1a.
1056 187 1099 252 95

92 335 163 396 erat
184 330 299 395 navale
317 330 487 415 proelium,
511 330 695 394 classiarios
715 334 872 395 convocat
890 330 995 414 iisque
1010 353 1099 416 prae

92 420 186 503 cipit,
217 439 328 483 omnes
356 421 394 482 ut
422 419 456 482 in
484 439 583 482 unam
605 417 762 483 Eumenis
791 419 877 504 regis
906 424 1099 485 concurrant

93 528 221 592 navem,
251 529 270 570 a
293 506 410 571 ceteris
438 510 567 570 tantum
595 507 676 570 satis
699 506 841 571 habeant
865 528 899 571 se
922 506 1098 573 defendere.

92 595 126 659 id
157 594 231 658 illos
264 593 359 659 facile
391 594 592 678 serpentium
623 594 831 660 multitudine
860 599 1098 660 consecuturos.

75 685 149 747 ¹rex
172 687 281 747 autem
299 683 335 746 in
352 704 417 766 qua
434 705 516 747 nave
534 683 715 767 veheretur,
737 687 775 747 ut
794 683 923 768 scirent,
946 705 980 749 se
999 682 1100 748 factu·
1118 701 1134 749 a

93 793 179 836 rum:
203 793 298 855 quem
317 770 346 834 si
364 774 422 834 aut
445 770 607 854 cepissent
630 775 687 835 aut
709 769 957 856 interfecissent,
980 793 1098 857 magno

93 860 134 924 iis
156 858 329 943 pollicetur
352 859 497 943 praemio
521 858 598 923 fore.
634 859 693 922 tali
713 859 938 925 cohortatione
957 860 1147 924 militumll

93 947 181 1012 facta
194 947 308 1012 classis
323 948 364 1011 ab
378 947 525 1030 utrisque
540 946 574 1011 in
587 947 748 1031 proelium
761 947 937 1013 deducitur.
962 970 1099 1031 quarum

94 1035 162 1101 acie
195 1034 386 1119 constituta,
418 1035 607 1118 priusquam
637 1036 767 1121 signum
797 1057 926 1122 pugnae
958 1036 1099 1117 daretur,

93 1123 271 1207 Hannibal,
297 1126 335 1187 ut
361 1123 471 1207 palam
498 1122 621 1187 faceret
643 1123 725 1208 suis,
755 1145 818 1208 quo
841 1124 914 1189 loco
937 1124 1098 1189 Eumenes

95 1216 189 1297 esset,
212 1211 419 1276 tabellarium
442 1211 477 1274 in
499 1212 620 1295 scapha
638 1233 711 1277 cum
731 1213 869 1278 caduceo
893 1212 1006 1277 mittit.
1043 1214 1134 1297 quia

93 1301 151 1366 ubi
182 1301 223 1364 ad
257 1320 356 1363 naves
388 1299 646 1364 adversariorum
682 1300 830 1384 pervenit
862 1301 1099 1385 epistulamque

95 1387 267 1453 ostendens
291 1408 325 1451 se
348 1407 459 1472 regem
481 1386 648 1472 professus
672 1391 723 1452 est
742 1409 904 1473 quaerere,
927 1390 1040 1454 statim
1059 1390 1100 1454 ad

94 1477 273 1542 Eumenem
300 1474 456 1540 deductus
484 1479 548 1559 est,
579 1475 665 1559 quod
687 1497 783 1539 nemo
815 1476 988 1542 dubitabat
1022 1479 1100 1561 quin

95 1563 217 1647 aliquid
240 1563 279 1626 de
297 1584 376 1647 paee
394 1567 480 1628 esset
499 1563 665 1646 scriptum
702 1562 891 1629 tabellarius
910 1565 1000 1630 ducis
1017 1587 1100 1629 nave

95 1653 260 1717 declarata
282 1652 349 1715 suis
373 1651 499 1734 eodem,
521 1651 605 1714 unde
629 1656 699 1715 erat
722 1672 887 1736 egressus,
910 1673 944 1717 se
967 1654 1099 1735 recepit.

96 1744 131 1805 at
152 1739 314 1804 Eumenes
338 1738 446 1802 soluta
468 1738 609 1821 epistula
630 1738 712 1802 nihil
740 1739 775 1802 in
802 1761 840 1804 ea
866 1741 1010 1824 repperit
1035 1741 1099 1804 nisi
1118 1757 1134 1804 a

97 1849 178 1911 quae
206 1827 246 1890 ad
273 1825 471 1889 irridendum
498 1847 572 1891 eum
598 1827 806 1910 pertinerent.
853 1828 942 1892 cuius
969 1829 1015 1892 rei
1037 1829 1100 1893 etsi

97 1937 227 1981 causam
249 1913 430 1978 mirabatur
451 1935 555 1997 neque
578 1915 774 1998 reperiebat,
803 1919 914 1980 tamen
940 1916 1099 2000 proelium

96 2005 210 2069 statim
234 2001 437 2067 committere
459 2023 525 2066 non
547 2002 717 2068 dubitarit.
754 2003 872 2068 horum
889 2004 924 2068 in
943 2018 1135 2070 concursus

96 2092 232 2175 Bithyni
249 2089 443 2155 Hannibalis
461 2095 635 2176 praecepto
653 2092 795 2157 universi
812 2115 929 2158 navem
944 2093 1099 2158 Eumenis

96 2181 295 2246 adoriuntur.
318 2200 455 2262 quorum
473 2179 540 2244 rim
557 2201 614 2244 rex
628 2201 702 2246 oum
720 2180 880 2245 sustinere
898 2203 965 2246 non
980 2186 1100 2265 posset,

96 2270 175 2355 fuga
198 2268 337 2333 salutem
359 2268 465 2352 petiit,
494 2289 592 2351 quam
615 2273 807 2334 consecutus
829 2290 895 2333 non
918 2273 1014 2351 esset,
1036 2269 1100 2333 nisi

96 2358 183 2420 iutra
209 2377 269 2420 sua
299 2356 460 2440 praesidia
487 2377 521 2420 se
553 2357 741 2440 recepisset,
773 2377 855 2438 quae
886 2356 925 2419 in>
951 2356 1099 2439 proximo

96 2445 193 2508 litore
212 2447 304 2506 erant
323 2443 489 2507 collocata.
517 2444 660 2526 reliquae
673 2442 892 2528 Pergamenae
910 2464 1008 2507 naves
1027 2465 1100 2508 oum
1119 2457 1135 2505 5

98 2530 297 2596 adversarios
328 2534 511 2613 premerent
543 2531 666 2616 aerius,
702 2535 834 2614 repente
871 2530 905 2594 in
938 2552 991 2596 eas
1023 2553 1101 2596 vasa

97 2619 225 2702 fictilia,
257 2617 295 2681 de
324 2618 440 2701 quibus
468 2639 566 2701 supra
593 2618 789 2683 mentionem
817 2617 966 2703 fecimus,
997 2620 1101 2685 conici

99 2710 214 2790 coepta
232 2708 317 2769 sunt.
352 2727 433 2789 quae
452 2705 538 2770 iacta
555 2706 650 2770 initio
669 2707 771 2771 risum
788 2708 1010 2791 pugnantibus
1029 2729 1101 2772 eon·

99 2795 250 2878 citarimt,
271 2814 375 2876 neque
399 2815 497 2877 quare
515 2794 549 2858 id
566 2794 659 2858 fieret
677 2797 807 2877 poterat
825 2794 981 2881 intellegi.
1013 2799 1100 2879 post
1120 2813 1136 2860 a

99 2904 196 2967 quam
215 2885 323 2946 autem
340 2903 438 2945 naves
457 2903 532 2946 suas
552 2882 700 2966 oppletas
719 2887 955 2965 conspexerimt
975 2904 1102 2966 serpen·

98 2972 197 3054 tibus,
209 2992 294 3035 nova
307 2991 341 3034 re
354 2969 529 3054 perterriti,
543 2991 626 3053 cum,
639 2970 716 3053 quid
729 2970 937 3054 potissimum
951 2971 1102 3054 vitarent,

98 3081 164 3124 non
190 3059 349 3140 riderent,
377 3079 501 3142 puppes
529 3062 696 3122 vertenmt
724 3080 821 3142 seque
849 3058 890 3122 ad
913 3080 972 3123 sua
995 3062 1102 3124 castra

97 3147 229 3212 nautica
256 3147 461 3210 rettulerrmt.
498 3146 544 3210 sic
567 3145 731 3210 Hannibal
757 3146 892 3211 consilio
916 3168 1006 3210 arma
1028 3145 1136 3210 Per-‘1

99 3255 310 3321 gamenorum
337 3233 511 3318 superavit,
541 3255 645 3317 neque
673 3238 744 3298 tum
772 3235 891 3320 solum,
923 3235 979 3299 sed
1007 3256 1101 3318 saepe

99 3323 179 3388 alias
212 3322 416 3406 pedestribus
449 3321 551 3406 copiis
583 3322 654 3406 pari
690 3323 861 3406 prudentia
893 3323 1018 3405 pepulit
1050 3323 1102 3387 ad-

97 3432 267 3476 versanos.
1013 3441 1015 3444 ⁴

187 3499 275 3575 Quae
299 3500 374 3563 dum
398 3499 430 3562 in
455 3497 535 3564 Asia
563 3502 737 3585 genmtur,
761 3498 887 3563 assidit
908 3518 995 3559 casu
1008 3494 1183 3554 usne-xa

109 3623 125 3682 t
