2460 3848
131 196 174 260 22
441 195 488 252 VI.
507 195 708 250 LYSANDER.
738 201 813 252 1-3.

131 361 190 405 sua
217 343 342 408 teneret
369 344 546 425 potestate,
578 363 650 406 eum
681 341 715 406 id
744 363 778 406 se
805 339 1131 407 Lacedaemoniorum

96 443 112 492 5
131 449 227 494 causa
240 427 345 493 faeere
361 429 536 493 simularet.
568 451 706 513 namque
719 429 869 514 undique,
888 430 943 513 qui
956 429 1132 494 Athenien·

131 516 214 581 sium
232 518 328 582 rebus
347 517 557 602 studuissent,
575 517 686 582 eiectis
705 517 815 582 decem
833 517 997 604 delegerat
1015 519 1050 582 in
1066 539 1131 582 una

131 626 257 688 quaque
272 605 412 689 civitate,
431 606 548 688 quibus
563 627 724 670 summum
737 606 908 690 imperium
922 609 1131 689 potestatem-

131 714 193 775 que
217 693 361 757 omnium
383 715 491 757 rerum
514 695 741 758 committeret.
774 693 892 758 horum
909 693 944 758 in
961 716 1132 759 numerum

129 802 223 845 nemo
252 781 498 864 admittebatur,
529 782 594 846 nisi
622 782 677 866 qui
704 785 761 846 aut
787 782 856 846 eius
888 782 1031 866 hospitio
1059 804 1132 847 oon-

130 869 289 933 tineretur
311 873 368 934 aut
390 890 424 933 se
447 869 535 934 illius
558 869 627 934 fore
649 870 817 954 proprium
833 870 896 935 fide
914 870 1131 934 confirmarat.

94 957 116 1022 2
217 955 270 1021 lta
288 957 493 1022 decemvirali
510 961 673 1042 potestate
691 959 726 1022 in
745 957 895 1022 omnibus
909 957 1044 1022 urbibus
1059 980 1132 1022 con·

129 1044 247 1109 stituta
272 1045 375 1129 ipsius
401 1049 484 1110 nutu
509 1047 617 1110 omnia
639 1046 842 1132 gerebantur.
886 1046 977 1111 cuius
1001 1046 1039 1111 de
1063 1068 1132 1110 cru-

130 1133 262 1197 delitate
286 1154 323 1199 ac
345 1133 479 1217 perfidia
498 1134 578 1198 satis
597 1137 763 1199 estunam
781 1155 850 1198 rem
868 1133 1006 1217 exempli
1024 1134 1132 1220 gratia

127 1221 344 1305 profertque
367 1222 405 1286 de
428 1221 541 1286 eodem
562 1223 656 1306 plura
678 1222 892 1287 enumerando
916 1221 1130 1307 defatigemus

93 1324 110 1374 2
128 1309 276 1374 lectores.
311 1309 417 1374 vietor
435 1331 473 1374 ex
491 1309 572 1374 Asia
594 1332 667 1374 oum
689 1314 906 1376 reverteretur
923 1309 1130 1393 Thasumque

129 1396 328 1481 devertisset,
351 1397 437 1481 quod
455 1419 493 1462 ea
510 1398 625 1463 civitas
647 1399 822 1482 praecipua
843 1399 906 1463 fide
928 1397 1035 1463 fuerat
1053 1419 1132 1484 erga

128 1483 354 1569 Athenienses,
375 1486 508 1569 proinde
532 1508 569 1551 ac
593 1487 621 1550 si
642 1507 706 1551 uon
727 1486 826 1551 iidem
848 1486 1028 1552 firmissimi
1051 1487 1131 1552 sole-

128 1576 202 1637 rent
224 1594 295 1638 essc
318 1574 426 1659 amici,
450 1574 505 1657 qui
528 1578 714 1640 constantes
736 1574 876 1640 lusissent
898 1574 1034 1658 inimici,
1062 1595 1132 1659 per·

95 1665 254 1726 avertere
277 1683 349 1726 eam
367 1663 560 1747 concupivit.
596 1663 678 1728 vidit
696 1666 814 1746 autem,
836 1662 899 1727 nisi
918 1661 953 1726 in
971 1684 1008 1727 eo
1028 1662 1131 1727 occul·

129 1753 233 1814 tasset
264 1752 481 1835 voluntatem,
517 1751 664 1816 futurum
695 1755 733 1815 ut
764 1750 876 1815 Thasii
912 1750 1131 1815 dilaberentur

129 1839 395 1922 consulerentque
418 1840 514 1903 rebus
537 1841 604 1903 suis
618 1860 636 1900 e
648 1860 698 1900 a*

93 1926 114 1990 3
215 1925 331 2008 Itaque
358 1926 382 1989 ii
410 1927 653 1991 decemviralem
679 1931 877 2009 potestatem
905 1929 945 1992 ab
973 1928 1031 1991 illo
1059 1949 1132 1992 con-

129 2012 280 2076 stitutam
307 2012 515 2077 sustulerrmt
561 2036 624 2096 quo
647 2014 757 2077 dolore
784 2015 934 2079 incensus
961 2015 1036 2078 iniit
1059 2037 1132 2079 con·

130 2099 202 2164 silia
224 2120 317 2185 reges
334 2098 662 2165 Lacedaemoniorum
684 2101 807 2165 tollere.
843 2102 900 2166 sed
918 2102 1080 2166 sentiebat
1098 2102 1132 2166 id

129 2209 163 2252 se
187 2186 255 2252 sine
279 2208 339 2272 ope
362 2187 494 2252 deorum
517 2187 622 2253 facere
644 2210 710 2253 non
731 2209 840 2272 posse,
867 2189 953 2272 quod
975 2186 1131 2253 Lacedae-

94 2292 110 2343 2
129 2275 230 2341 monii
253 2275 366 2341 omnia
384 2275 425 2340 ad
448 2276 579 2342 oracula
600 2275 719 2341 referre
743 2280 944 2342 consuerant
989 2276 1131 2361 primum

128 2364 323 2448 Delphicum
345 2384 550 2448 corrumpere
574 2368 624 2429 est
646 2368 790 2430 conatus.
831 2386 904 2430 oum
932 2364 966 2428 id
988 2386 1055 2430 non
1076 2387 1131 2449 po-

128 2454 255 2537 tuisset,
273 2451 483 2517 Dodonaeum
502 2453 634 2518 adortus
653 2457 712 2517 est.
741 2453 817 2517 hinc
836 2474 963 2537 quoque
982 2453 1131 2537 repulsus

129 2542 212 2606 dixit
235 2563 269 2606 se
291 2546 370 2606 rota
388 2542 576 2625 suscepisse,
599 2562 680 2625 quae
699 2539 770 2606 Iovi
788 2540 964 2606 Hammoni
983 2541 1132 2626 solveret,

94 2629 317 2696 texistimans
348 2651 382 2694 se
410 2628 511 2694 Afros
543 2628 670 2694 facilius
703 2634 939 2714 corrupturum.
982 2630 1044 2694 hac
1074 2651 1131 2713 spe

130 2739 203 2782 cum
229 2716 394 2800 profectus
422 2722 508 2783 esset
536 2718 571 2781 in
597 2717 755 2803 Africam,
783 2719 923 2783 multum
950 2739 1023 2783 eum
1050 2717 1132 2781 anti-

130 2805 225 2871 stites
248 2803 335 2869 Iovis
358 2803 550 2870 fefellerunt.
583 2829 659 2871 nam
677 2827 743 2871 non
761 2807 867 2871 solum
885 2806 1048 2889 corrumpi
1065 2827 1132 2870 non

129 2896 316 2978 potuenmt,
338 2893 394 2957 sed
412 2894 512 2958 etiam
529 2895 656 2979 legatos
675 2893 949 2959 Lacedaemonem
964 2894 1132 2978 miserunt,

130 2983 186 3067 qui
208 2980 410 3065 Lysandrum
433 2987 636 3066 accusarent,
660 2983 745 3066 quod
768 2983 950 3047 sacerdotes
972 2981 1041 3046 fani
1063 3003 1131 3046 cor-

95 3087 112 3136 4
130 3092 278 3154 rumpere
293 3073 427 3134 conatus
441 3075 536 3135 esset.
570 3074 740 3136 accusatus
754 3071 816 3135 hoc
830 3070 963 3134 crimine
977 3069 1129 3134 iudicum·

131 3180 192 3243 que
216 3158 383 3222 absolutus
403 3158 581 3242 sententiis,
605 3157 829 3223 Orchomeniis
848 3157 966 3222 missus
986 3157 1131 3223 subsidio

96 3247 255 3312 soccisus
279 3250 329 3311 est
351 3268 370 3310 a
392 3245 553 3311 Thebanis
582 3246 667 3330 apud
692 3244 887 3310 Haliartum.
933 3267 1031 3329 quam
1057 3267 1131 3311 vere

131 3335 169 3399 de
192 3356 230 3399 eo
252 3354 334 3400 secas
356 3333 441 3398 foret
463 3334 654 3417 iudicatum,
681 3333 785 3398 oratio
808 3333 927 3398 indicio
949 3333 1027 3417 fuit,
1050 3355 1132 3417 quae

129 3426 206 3506 post
228 3426 366 3487 mortem
388 3423 423 3486 in
446 3421 540 3486 domo
563 3422 632 3486 eius
655 3424 784 3504 reperta
802 3425 861 3504 est,
883 3421 918 3484 in
936 3443 1000 3505 qua
1018 3423 1134 3487 suadet

112 3508 397 3594 lacedaemoniis,
423 3513 460 3575 ut
482 3511 574 3598 regia
595 3513 758 3596 potestate
786 3508 944 3574 dissoluta
970 3531 1009 3574 ex
1032 3510 1134 3574 omni·
