<?xml version="1.0" encoding="UTF-8"?>
<!DOCTYPE html PUBLIC "-//W3C//DTD XHTML 1.0 Transitional//EN"
    "http://www.w3.org/TR/xhtml1/DTD/xhtml1-transitional.dtd">
<html xmlns="http://www.w3.org/1999/xhtml" xml:lang="en" lang="en">
 <head>
  <title>
</title>
<meta http-equiv="Content-Type" content="text/html;charset=utf-8" />
  <meta name='ocr-system' content='tesseract 3.04.00' />
  <meta name='ocr-capabilities' content='ocr_page ocr_carea ocr_par ocr_line ocrx_word'/>
</head>
<body>
  <div class='ocr_page' id='page_1' title='image "./corneliinepotis03halmgoog_0036.png"; bbox 0 0 2460 3848; ppageno 0'>
   <div class='ocr_carea' id='block_1_1' title="bbox 411 181 1098 249">
    <p class='ocr_par' dir='ltr' id='par_1_1' title="bbox 411 181 1098 249">
     <span class='ocr_line' id='line_1_1' title="bbox 411 181 1098 249; baseline 0.003 -13"><span class='ocrx_word' id='word_1_1' title='bbox 411 181 458 236; x_wconf 87' lang='lat' dir='ltr'>Vl.</span> <span class='ocrx_word' id='word_1_2' title='bbox 477 181 682 239; x_wconf 81' lang='lat' dir='ltr'>LYSANDER.</span> <span class='ocrx_word' id='word_1_3' title='bbox 709 189 734 238; x_wconf 86' lang='lat'>3.</span> <span class='ocrx_word' id='word_1_4' title='bbox 752 188 778 237; x_wconf 82' lang='lat'>4.</span> <span class='ocrx_word' id='word_1_5' title='bbox 1054 183 1098 249; x_wconf 79' lang='lat'>23</span> 
     </span>
    </p>
   </div>
   <div class='ocr_carea' id='block_1_2' title="bbox 91 327 1189 1908">
    <p class='ocr_par' dir='ltr' id='par_1_2' title="bbox 91 327 1098 658">
     <span class='ocr_line' id='line_1_2' title="bbox 92 327 1098 414; baseline -0.001 -20"><span class='ocrx_word' id='word_1_6' title='bbox 92 329 153 394; x_wconf 90' lang='lat' dir='ltr'>bus</span> <span class='ocrx_word' id='word_1_7' title='bbox 173 329 236 393; x_wconf 84' lang='lat' dir='ltr'>dux</span> <span class='ocrx_word' id='word_1_8' title='bbox 255 329 415 414; x_wconf 70' lang='lat' dir='ltr'>deligatur</span> <span class='ocrx_word' id='word_1_9' title='bbox 433 328 473 392; x_wconf 88' lang='lat' dir='ltr'>ad</span> <span class='ocrx_word' id='word_1_10' title='bbox 491 327 614 392; x_wconf 86' lang='lat' dir='ltr'>bellum</span> <span class='ocrx_word' id='word_1_11' title='bbox 633 328 817 413; x_wconf 90' lang='lat' dir='ltr'>gerendum,</span> <span class='ocrx_word' id='word_1_12' title='bbox 836 328 892 393; x_wconf 95' lang='lat' dir='ltr'>sed</span> <span class='ocrx_word' id='word_1_13' title='bbox 909 328 954 393; x_wconf 83' lang='lat' dir='ltr'>sic</span> <span class='ocrx_word' id='word_1_14' title='bbox 967 328 1098 414; x_wconf 86' lang='lat' dir='ltr'>scripta,</span> 
     </span>
     <span class='ocr_line' id='line_1_3' title="bbox 91 416 1097 501; baseline -0.001 -19"><span class='ocrx_word' id='word_1_15' title='bbox 91 422 130 482; x_wconf 89' lang='lat' dir='ltr'>ut</span> <span class='ocrx_word' id='word_1_16' title='bbox 153 418 248 480; x_wconf 90' lang='lat' dir='ltr'>deum</span> <span class='ocrx_word' id='word_1_17' title='bbox 270 416 432 480; x_wconf 83' lang='lat' dir='ltr'>videretur</span> <span class='ocrx_word' id='word_1_18' title='bbox 454 437 630 501; x_wconf 83' lang='lat' dir='ltr'>congruere</span> <span class='ocrx_word' id='word_1_19' title='bbox 654 416 842 500; x_wconf 87' lang='lat' dir='ltr'>sententiae,</span> <span class='ocrx_word' id='word_1_20' title='bbox 865 438 963 500; x_wconf 90' lang='lat' dir='ltr'>quam</span> <span class='ocrx_word' id='word_1_21' title='bbox 985 416 1040 480; x_wconf 91' lang='lat' dir='ltr'>ille</span> <span class='ocrx_word' id='word_1_22' title='bbox 1062 438 1097 481; x_wconf 93' lang='lat' dir='ltr'>se</span> 
     </span>
     <span class='ocr_line' id='line_1_4' title="bbox 92 503 1098 589; baseline -0.001 -20"><span class='ocrx_word' id='word_1_23' title='bbox 92 505 281 569; x_wconf 85' lang='lat' dir='ltr'>habiturum</span> <span class='ocrx_word' id='word_1_24' title='bbox 298 504 435 589; x_wconf 89' lang='lat' dir='ltr'>pecunia</span> <span class='ocrx_word' id='word_1_25' title='bbox 452 503 553 568; x_wconf 87' lang='lat' dir='ltr'>fidens</span> <span class='ocrx_word' id='word_1_26' title='bbox 571 525 637 568; x_wconf 91' lang='lat' dir='ltr'>non</span> <span class='ocrx_word' id='word_1_27' title='bbox 650 504 823 568; x_wconf 88' lang='lat' dir='ltr'>dubitarat.</span> <span class='ocrx_word' id='word_1_28' title='bbox 858 504 985 569; x_wconf 87' lang='lat' dir='ltr'>hancei</span> <span class='ocrx_word' id='word_1_29' title='bbox 1000 505 1098 589; x_wconf 78' lang='lat' dir='ltr'>scrip</span> 
     </span>
     <span class='ocr_line' id='line_1_5' title="bbox 94 591 717 658; baseline -0.005 0"><span class='ocrx_word' id='word_1_30' title='bbox 94 594 175 658; x_wconf 88' lang='lat' dir='ltr'>sisse</span> <span class='ocrx_word' id='word_1_31' title='bbox 199 591 300 658; x_wconf 82' lang='lat' dir='ltr'>Cleon</span> <span class='ocrx_word' id='word_1_32' title='bbox 321 591 566 656; x_wconf 87' lang='lat' dir='ltr'>Halicarnasius</span> <span class='ocrx_word' id='word_1_33' title='bbox 590 591 717 656; x_wconf 87' lang='lat' dir='ltr'>dicitur.</span> 
     </span>
    </p>

    <p class='ocr_par' dir='ltr' id='par_1_3' title="bbox 91 680 1189 1908">
     <span class='ocr_line' id='line_1_6' title="bbox 181 680 1141 764; baseline 0.002 -20"><span class='ocrx_word' id='word_1_34' title='bbox 181 680 289 764; x_wconf 81' lang='lat' dir='ltr'>Atque</span> <span class='ocrx_word' id='word_1_35' title='bbox 316 680 378 745; x_wconf 90' lang='lat' dir='ltr'>hoc</span> <span class='ocrx_word' id='word_1_36' title='bbox 405 680 477 745; x_wconf 91' lang='lat' dir='ltr'>loeo</span> <span class='ocrx_word' id='word_1_37' title='bbox 503 701 570 745; x_wconf 91' lang='lat' dir='ltr'>non</span> <span class='ocrx_word' id='word_1_38' title='bbox 597 683 647 744; x_wconf 91' lang='lat' dir='ltr'>est</span> <span class='ocrx_word' id='word_1_39' title='bbox 678 681 947 763; x_wconf 88' lang='lat' dir='ltr'>praetereundum</span> <span class='ocrx_word' id='word_1_40' title='bbox 973 680 1097 745; x_wconf 89' lang='lat' dir='ltr'>factum</span> <span class='ocrx_word' id='word_1_41' title='bbox 1114 681 1141 746; x_wconf 77' lang='lat'>4,</span> 
     </span>
     <span class='ocr_line' id='line_1_7' title="bbox 92 766 1097 854; baseline 0 -21"><span class='ocrx_word' id='word_1_42' title='bbox 92 768 304 853; x_wconf 86' lang='lat' dir='ltr'>Pharnabazi,</span> <span class='ocrx_word' id='word_1_43' title='bbox 327 769 467 852; x_wconf 78' lang='lat' dir='ltr'>satrapis</span> <span class='ocrx_word' id='word_1_44' title='bbox 490 768 580 854; x_wconf 88' lang='lat' dir='ltr'>regii.</span> <span class='ocrx_word' id='word_1_45' title='bbox 624 789 700 832; x_wconf 88' lang='lat' dir='ltr'>nam</span> <span class='ocrx_word' id='word_1_46' title='bbox 723 789 796 833; x_wconf 89' lang='lat' dir='ltr'>oum</span> <span class='ocrx_word' id='word_1_47' title='bbox 818 766 985 852; x_wconf 83' lang='lat' dir='ltr'>Lysander</span> <span class='ocrx_word' id='word_1_48' title='bbox 1007 789 1097 852; x_wconf 91' lang='lat' dir='ltr'>prae·</span> 
     </span>
     <span class='ocr_line' id='line_1_8' title="bbox 92 856 1098 940; baseline 0.002 -20"><span class='ocrx_word' id='word_1_49' title='bbox 92 856 196 922; x_wconf 85' lang='lat' dir='ltr'>fectus</span> <span class='ocrx_word' id='word_1_50' title='bbox 225 856 338 922; x_wconf 88' lang='lat' dir='ltr'>classis</span> <span class='ocrx_word' id='word_1_51' title='bbox 365 856 512 921; x_wconf 86' lang='lat' dir='ltr'>inbelle</span> <span class='ocrx_word' id='word_1_52' title='bbox 540 856 644 921; x_wconf 88' lang='lat' dir='ltr'>multa</span> <span class='ocrx_word' id='word_1_53' title='bbox 671 856 843 921; x_wconf 87' lang='lat' dir='ltr'>crudeliter</span> <span class='ocrx_word' id='word_1_54' title='bbox 869 878 1027 940; x_wconf 81' lang='lat' dir='ltr'>avareque</span> <span class='ocrx_word' id='word_1_55' title='bbox 1054 857 1098 922; x_wconf 79' lang='lat' dir='ltr'>fe</span> 
     </span>
     <span class='ocr_line' id='line_1_9' title="bbox 92 944 1098 1030; baseline -0.002 -19"><span class='ocrx_word' id='word_1_56' title='bbox 92 946 193 1011; x_wconf 87' lang='lat' dir='ltr'>cisset</span> <span class='ocrx_word' id='word_1_57' title='bbox 216 944 317 1030; x_wconf 91' lang='lat' dir='ltr'>deque</span> <span class='ocrx_word' id='word_1_58' title='bbox 340 945 381 1010; x_wconf 92' lang='lat' dir='ltr'>iis</span> <span class='ocrx_word' id='word_1_59' title='bbox 405 945 500 1009; x_wconf 86' lang='lat' dir='ltr'>rebus</span> <span class='ocrx_word' id='word_1_60' title='bbox 524 944 742 1028; x_wconf 85' lang='lat' dir='ltr'>suspicaretur</span> <span class='ocrx_word' id='word_1_61' title='bbox 764 945 806 1009; x_wconf 90' lang='lat' dir='ltr'>ad</span> <span class='ocrx_word' id='word_1_62' title='bbox 828 944 913 1009; x_wconf 80' lang='lat' dir='ltr'>cives</span> <span class='ocrx_word' id='word_1_63' title='bbox 932 965 1008 1009; x_wconf 89' lang='lat' dir='ltr'>suos</span> <span class='ocrx_word' id='word_1_64' title='bbox 1027 966 1098 1010; x_wconf 87' lang='lat' dir='ltr'>esse</span> 
     </span>
     <span class='ocr_line' id='line_1_10' title="bbox 92 1031 1098 1119; baseline -0.002 -21"><span class='ocrx_word' id='word_1_65' title='bbox 92 1034 262 1119; x_wconf 88' lang='lat' dir='ltr'>perlatum,</span> <span class='ocrx_word' id='word_1_66' title='bbox 280 1033 377 1118; x_wconf 92' lang='lat' dir='ltr'>petiit</span> <span class='ocrx_word' id='word_1_67' title='bbox 395 1031 637 1097; x_wconf 85' lang='lat' dir='ltr'>aPharnabazo</span> <span class='ocrx_word' id='word_1_68' title='bbox 651 1036 689 1096; x_wconf 91' lang='lat' dir='ltr'>ut</span> <span class='ocrx_word' id='word_1_69' title='bbox 707 1033 748 1097; x_wconf 88' lang='lat' dir='ltr'>ad</span> <span class='ocrx_word' id='word_1_70' title='bbox 767 1032 907 1116; x_wconf 79' lang='lat' dir='ltr'>ephoros</span> <span class='ocrx_word' id='word_1_71' title='bbox 925 1033 989 1097; x_wconf 92' lang='lat' dir='ltr'>sibi</span> <span class='ocrx_word' id='word_1_72' title='bbox 1007 1033 1098 1097; x_wconf 91' lang='lat' dir='ltr'>testi-</span> 
     </span>
     <span class='ocr_line' id='line_1_11' title="bbox 93 1121 1099 1206; baseline 0 -20"><span class='ocrx_word' id='word_1_73' title='bbox 93 1122 238 1187; x_wconf 89' lang='lat' dir='ltr'>monium</span> <span class='ocrx_word' id='word_1_74' title='bbox 260 1122 361 1205; x_wconf 88' lang='lat' dir='ltr'>daret,</span> <span class='ocrx_word' id='word_1_75' title='bbox 385 1125 506 1205; x_wconf 87' lang='lat' dir='ltr'>quanta</span> <span class='ocrx_word' id='word_1_76' title='bbox 528 1121 701 1185; x_wconf 74' lang='lat' dir='ltr'>sanctitate</span> <span class='ocrx_word' id='word_1_77' title='bbox 724 1121 847 1186; x_wconf 91' lang='lat' dir='ltr'>bellum</span> <span class='ocrx_word' id='word_1_78' title='bbox 870 1121 1026 1206; x_wconf 83' lang='lat' dir='ltr'>gessisset</span> <span class='ocrx_word' id='word_1_79' title='bbox 1049 1141 1099 1186; x_wconf 89' lang='lat' dir='ltr'>so·</span> 
     </span>
     <span class='ocr_line' id='line_1_12' title="bbox 92 1209 1098 1294; baseline -0.002 -20"><span class='ocrx_word' id='word_1_80' title='bbox 92 1210 223 1294; x_wconf 88' lang='lat' dir='ltr'>oiosque</span> <span class='ocrx_word' id='word_1_81' title='bbox 256 1213 443 1293; x_wconf 82' lang='lat' dir='ltr'>tractasset,</span> <span class='ocrx_word' id='word_1_82' title='bbox 474 1209 576 1293; x_wconf 90' lang='lat' dir='ltr'>deque</span> <span class='ocrx_word' id='word_1_83' title='bbox 606 1231 644 1272; x_wconf 90' lang='lat' dir='ltr'>ea</span> <span class='ocrx_word' id='word_1_84' title='bbox 675 1231 709 1273; x_wconf 87' lang='lat' dir='ltr'>re</span> <span class='ocrx_word' id='word_1_85' title='bbox 742 1213 890 1274; x_wconf 86' lang='lat' dir='ltr'>accurata</span> <span class='ocrx_word' id='word_1_86' title='bbox 923 1209 1098 1274; x_wconf 81' lang='lat' dir='ltr'>scriberet:</span> 
     </span>
     <span class='ocr_line' id='line_1_13' title="bbox 92 1297 1097 1384; baseline -0.003 -21"><span class='ocrx_word' id='word_1_87' title='bbox 92 1319 244 1384; x_wconf 84' lang='lat' dir='ltr'>magnam</span> <span class='ocrx_word' id='word_1_88' title='bbox 273 1297 359 1361; x_wconf 91' lang='lat' dir='ltr'>enim</span> <span class='ocrx_word' id='word_1_89' title='bbox 388 1297 458 1362; x_wconf 85' lang='lat' dir='ltr'>eiua</span> <span class='ocrx_word' id='word_1_90' title='bbox 491 1297 719 1362; x_wconf 87' lang='lat' dir='ltr'>auctoritatem</span> <span class='ocrx_word' id='word_1_91' title='bbox 751 1298 786 1361; x_wconf 93' lang='lat' dir='ltr'>in</span> <span class='ocrx_word' id='word_1_92' title='bbox 813 1319 851 1362; x_wconf 91' lang='lat' dir='ltr'>ea</span> <span class='ocrx_word' id='word_1_93' title='bbox 878 1319 912 1362; x_wconf 88' lang='lat' dir='ltr'>re</span> <span class='ocrx_word' id='word_1_94' title='bbox 943 1297 1097 1362; x_wconf 88' lang='lat' dir='ltr'>futuram.</span> 
     </span>
     <span class='ocr_line' id='line_1_14' title="bbox 91 1385 1134 1472; baseline 0.002 -23"><span class='ocrx_word' id='word_1_95' title='bbox 91 1385 168 1451; x_wconf 89' lang='lat' dir='ltr'>huic</span> <span class='ocrx_word' id='word_1_96' title='bbox 190 1386 246 1450; x_wconf 90' lang='lat' dir='ltr'>ille</span> <span class='ocrx_word' id='word_1_97' title='bbox 268 1385 447 1450; x_wconf 84' lang='lat' dir='ltr'>liberaliter</span> <span class='ocrx_word' id='word_1_98' title='bbox 468 1385 654 1469; x_wconf 88' lang='lat' dir='ltr'>pollicetur:</span> <span class='ocrx_word' id='word_1_99' title='bbox 677 1385 798 1471; x_wconf 89' lang='lat' dir='ltr'>librum</span> <span class='ocrx_word' id='word_1_100' title='bbox 815 1386 970 1472; x_wconf 87' lang='lat' dir='ltr'>grandem</span> <span class='ocrx_word' id='word_1_101' title='bbox 987 1385 1134 1451; x_wconf 72' lang='lat' dir='ltr'>verbisa</span> 
     </span>
     <span class='ocr_line' id='line_1_15' title="bbox 93 1473 1098 1558; baseline 0 -22"><span class='ocrx_word' id='word_1_102' title='bbox 93 1473 205 1537; x_wconf 89' lang='lat' dir='ltr'>multis</span> <span class='ocrx_word' id='word_1_103' title='bbox 228 1473 434 1558; x_wconf 89' lang='lat' dir='ltr'>conscripsit,</span> <span class='ocrx_word' id='word_1_104' title='bbox 463 1473 497 1537; x_wconf 91' lang='lat' dir='ltr'>in</span> <span class='ocrx_word' id='word_1_105' title='bbox 521 1473 638 1557; x_wconf 86' lang='lat' dir='ltr'>quibus</span> <span class='ocrx_word' id='word_1_106' title='bbox 661 1474 796 1539; x_wconf 90' lang='lat' dir='ltr'>summis</span> <span class='ocrx_word' id='word_1_107' title='bbox 820 1496 893 1539; x_wconf 88' lang='lat' dir='ltr'>eum</span> <span class='ocrx_word' id='word_1_108' title='bbox 917 1473 1009 1538; x_wconf 86' lang='lat' dir='ltr'>effert</span> <span class='ocrx_word' id='word_1_109' title='bbox 1031 1474 1098 1536; x_wconf 90' lang='lat' dir='ltr'>lau·</span> 
     </span>
     <span class='ocr_line' id='line_1_16' title="bbox 93 1561 1097 1647; baseline -0.001 -22"><span class='ocrx_word' id='word_1_110' title='bbox 93 1562 197 1626; x_wconf 91' lang='lat' dir='ltr'>dibus.</span> <span class='ocrx_word' id='word_1_111' title='bbox 226 1582 321 1644; x_wconf 86' lang='lat' dir='ltr'>quem</span> <span class='ocrx_word' id='word_1_112' title='bbox 336 1583 409 1627; x_wconf 89' lang='lat' dir='ltr'>oum</span> <span class='ocrx_word' id='word_1_113' title='bbox 421 1561 471 1626; x_wconf 79' lang='lat' dir='ltr'>bic</span> <span class='ocrx_word' id='word_1_114' title='bbox 483 1561 618 1647; x_wconf 82' lang='lat' dir='ltr'>legisset</span> <span class='ocrx_word' id='word_1_115' title='bbox 635 1562 879 1646; x_wconf 87' lang='lat' dir='ltr'>probassetque,</span> <span class='ocrx_word' id='word_1_116' title='bbox 897 1562 973 1626; x_wconf 90' lang='lat' dir='ltr'>dum</span> <span class='ocrx_word' id='word_1_117' title='bbox 992 1561 1097 1646; x_wconf 87' lang='lat' dir='ltr'>signa·</span> 
     </span>
     <span class='ocr_line' id='line_1_17' title="bbox 92 1649 1098 1735; baseline -0.003 -21"><span class='ocrx_word' id='word_1_118' title='bbox 92 1653 156 1733; x_wconf 89' lang='lat' dir='ltr'>tur,</span> <span class='ocrx_word' id='word_1_119' title='bbox 178 1649 317 1714; x_wconf 86' lang='lat' dir='ltr'>alterum</span> <span class='ocrx_word' id='word_1_120' title='bbox 334 1650 406 1735; x_wconf 85' lang='lat' dir='ltr'>pari</span> <span class='ocrx_word' id='word_1_121' title='bbox 424 1649 646 1734; x_wconf 88' lang='lat' dir='ltr'>magnitudine</span> <span class='ocrx_word' id='word_1_122' title='bbox 664 1653 694 1714; x_wconf 83' lang='lat' dir='ltr'>ct</span> <span class='ocrx_word' id='word_1_123' title='bbox 709 1653 802 1713; x_wconf 90' lang='lat' dir='ltr'>tanta</span> <span class='ocrx_word' id='word_1_124' title='bbox 821 1649 1042 1733; x_wconf 89' lang='lat' dir='ltr'>similitudine,</span> <span class='ocrx_word' id='word_1_125' title='bbox 1060 1652 1098 1724; x_wconf 90' lang='lat' dir='ltr'>ut</span> 
     </span>
     <span class='ocr_line' id='line_1_18' title="bbox 92 1736 1097 1822; baseline -0.004 -19"><span class='ocrx_word' id='word_1_126' title='bbox 92 1737 231 1803; x_wconf 88' lang='lat' dir='ltr'>discerni</span> <span class='ocrx_word' id='word_1_127' title='bbox 252 1759 319 1802; x_wconf 91' lang='lat' dir='ltr'>non</span> <span class='ocrx_word' id='word_1_128' title='bbox 341 1741 462 1821; x_wconf 88' lang='lat' dir='ltr'>posset,</span> <span class='ocrx_word' id='word_1_129' title='bbox 485 1736 650 1822; x_wconf 88' lang='lat' dir='ltr'>signatum</span> <span class='ocrx_word' id='word_1_130' title='bbox 669 1737 816 1820; x_wconf 89' lang='lat' dir='ltr'>subiecit,</span> <span class='ocrx_word' id='word_1_131' title='bbox 834 1737 951 1821; x_wconf 91' lang='lat' dir='ltr'>inquo</span> <span class='ocrx_word' id='word_1_132' title='bbox 971 1757 1097 1801; x_wconf 75' lang='lat' dir='ltr'>secura</span> 
     </span>
     <span class='ocr_line' id='line_1_19' title="bbox 92 1823 1189 1908; baseline 0 -19"><span class='ocrx_word' id='word_1_133' title='bbox 92 1825 220 1890; x_wconf 88' lang='lat' dir='ltr'>tissime</span> <span class='ocrx_word' id='word_1_134' title='bbox 234 1825 304 1890; x_wconf 88' lang='lat' dir='ltr'>eius</span> <span class='ocrx_word' id='word_1_135' title='bbox 314 1825 486 1889; x_wconf 85' lang='lat' dir='ltr'>avaritiam</span> <span class='ocrx_word' id='word_1_136' title='bbox 494 1824 725 1908; x_wconf 87' lang='lat' dir='ltr'>perfidiamque</span> <span class='ocrx_word' id='word_1_137' title='bbox 736 1829 912 1890; x_wconf 88' lang='lat' dir='ltr'>accusarat.</span> <span class='ocrx_word' id='word_1_138' title='bbox 932 1823 1098 1908; x_wconf 88' lang='lat' dir='ltr'>Lysander</span> <span class='ocrx_word' id='word_1_139' title='bbox 1115 1841 1133 1889; x_wconf 81' lang='lat'><strong>3</strong></span> <span class='ocrx_word' id='word_1_140' title='bbox 1184 1832 1189 1842; x_wconf 93' lang='lat'>&#39;</span> 
     </span>
    </p>
   </div>
   <div class='ocr_carea' id='block_1_3' title="bbox 91 1911 1098 2420">
    <p class='ocr_par' dir='ltr' id='par_1_4' title="bbox 91 1911 1098 2420">
     <span class='ocr_line' id='line_1_20' title="bbox 92 1911 1097 1999; baseline -0.002 -21"><span class='ocrx_word' id='word_1_141' title='bbox 92 1914 224 1978; x_wconf 86' lang='lat' dir='ltr'>domum</span> <span class='ocrx_word' id='word_1_142' title='bbox 247 1934 321 1979; x_wconf 90' lang='lat' dir='ltr'>oum</span> <span class='ocrx_word' id='word_1_143' title='bbox 343 1913 493 1997; x_wconf 82' lang='lat' dir='ltr'>redisset,</span> <span class='ocrx_word' id='word_1_144' title='bbox 522 1916 696 1996; x_wconf 88' lang='lat' dir='ltr'>postquam</span> <span class='ocrx_word' id='word_1_145' title='bbox 723 1912 762 1977; x_wconf 92' lang='lat' dir='ltr'>de</span> <span class='ocrx_word' id='word_1_146' title='bbox 786 1912 853 1977; x_wconf 90' lang='lat' dir='ltr'>suis</span> <span class='ocrx_word' id='word_1_147' title='bbox 875 1913 971 1977; x_wconf 88' lang='lat' dir='ltr'>rebus</span> <span class='ocrx_word' id='word_1_148' title='bbox 995 1911 1097 1999; x_wconf 90' lang='lat' dir='ltr'>gestis</span> 
     </span>
     <span class='ocr_line' id='line_1_21' title="bbox 93 2001 1098 2087; baseline -0.001 -21"><span class='ocrx_word' id='word_1_149' title='bbox 93 2001 178 2086; x_wconf 87' lang='lat' dir='ltr'>apud</span> <span class='ocrx_word' id='word_1_150' title='bbox 210 2002 386 2066; x_wconf 86' lang='lat' dir='ltr'>maximum</span> <span class='ocrx_word' id='word_1_151' title='bbox 418 2001 648 2087; x_wconf 89' lang='lat' dir='ltr'>magistratum</span> <span class='ocrx_word' id='word_1_152' title='bbox 675 2022 756 2084; x_wconf 88' lang='lat' dir='ltr'>quae</span> <span class='ocrx_word' id='word_1_153' title='bbox 786 2001 932 2066; x_wconf 84' lang='lat' dir='ltr'>voluerat</span> <span class='ocrx_word' id='word_1_154' title='bbox 964 2001 1098 2085; x_wconf 83' lang='lat' dir='ltr'>dixerat,</span> 
     </span>
     <span class='ocr_line' id='line_1_22' title="bbox 92 2087 1097 2155; baseline -0.002 -2"><span class='ocrx_word' id='word_1_155' title='bbox 92 2089 274 2154; x_wconf 87' lang='lat' dir='ltr'>testimonii</span> <span class='ocrx_word' id='word_1_156' title='bbox 300 2090 372 2155; x_wconf 89' lang='lat' dir='ltr'>loco</span> <span class='ocrx_word' id='word_1_157' title='bbox 402 2090 523 2154; x_wconf 89' lang='lat' dir='ltr'>librum</span> <span class='ocrx_word' id='word_1_158' title='bbox 545 2110 565 2152; x_wconf 90' lang='lat' dir='ltr'>a</span> <span class='ocrx_word' id='word_1_159' title='bbox 586 2087 795 2154; x_wconf 88' lang='lat' dir='ltr'>Pharnabazo</span> <span class='ocrx_word' id='word_1_160' title='bbox 819 2089 932 2153; x_wconf 90' lang='lat' dir='ltr'>datum</span> <span class='ocrx_word' id='word_1_161' title='bbox 953 2089 1097 2154; x_wconf 84' lang='lat' dir='ltr'>tradidit.</span> 
     </span>
     <span class='ocr_line' id='line_1_23' title="bbox 91 2175 1098 2264; baseline -0.002 -21"><span class='ocrx_word' id='word_1_162' title='bbox 91 2178 177 2243; x_wconf 89' lang='lat' dir='ltr'>hunc</span> <span class='ocrx_word' id='word_1_163' title='bbox 200 2182 363 2243; x_wconf 87' lang='lat' dir='ltr'>summoto</span> <span class='ocrx_word' id='word_1_164' title='bbox 381 2175 550 2261; x_wconf 84' lang='lat' dir='ltr'>Lysandro</span> <span class='ocrx_word' id='word_1_165' title='bbox 574 2199 647 2242; x_wconf 91' lang='lat' dir='ltr'>cum</span> <span class='ocrx_word' id='word_1_166' title='bbox 670 2177 784 2261; x_wconf 89' lang='lat' dir='ltr'>ephori</span> <span class='ocrx_word' id='word_1_167' title='bbox 807 2181 1011 2264; x_wconf 78' lang='lat' dir='ltr'>cognossent,</span> <span class='ocrx_word' id='word_1_168' title='bbox 1032 2177 1098 2260; x_wconf 91' lang='lat' dir='ltr'>ipsi</span> 
     </span>
     <span class='ocr_line' id='line_1_24' title="bbox 92 2264 1097 2351; baseline -0.001 -22"><span class='ocrx_word' id='word_1_169' title='bbox 92 2266 263 2351; x_wconf 86' lang='lat' dir='ltr'>legendum</span> <span class='ocrx_word' id='word_1_170' title='bbox 286 2266 449 2331; x_wconf 88' lang='lat' dir='ltr'>dederunt.</span> <span class='ocrx_word' id='word_1_171' title='bbox 485 2266 533 2330; x_wconf 86' lang='lat' dir='ltr'>ita</span> <span class='ocrx_word' id='word_1_172' title='bbox 555 2264 610 2329; x_wconf 90' lang='lat' dir='ltr'>ille</span> <span class='ocrx_word' id='word_1_173' title='bbox 633 2265 819 2349; x_wconf 89' lang='lat' dir='ltr'>imprudens</span> <span class='ocrx_word' id='word_1_174' title='bbox 842 2266 912 2349; x_wconf 88' lang='lat' dir='ltr'>ipse</span> <span class='ocrx_word' id='word_1_175' title='bbox 935 2287 1011 2330; x_wconf 92' lang='lat' dir='ltr'>suus</span> <span class='ocrx_word' id='word_1_176' title='bbox 1033 2264 1097 2328; x_wconf 83' lang='lat' dir='ltr'>fuit</span> 
     </span>
     <span class='ocr_line' id='line_1_25' title="bbox 93 2358 270 2420; baseline -0.006 -2"><span class='ocrx_word' id='word_1_177' title='bbox 93 2358 270 2420; x_wconf 85' lang='lat' dir='ltr'>accusator.</span> 
     </span>
    </p>
   </div>
   <div class='ocr_carea' id='block_1_4' title="bbox 391 2652 791 2727">
    <p class='ocr_par' dir='ltr' id='par_1_5' title="bbox 391 2652 791 2727">
     <span class='ocr_line' id='line_1_26' title="bbox 391 2652 791 2727; baseline -0.003 -2"><span class='ocrx_word' id='word_1_178' title='bbox 391 2653 470 2727; x_wconf 88' lang='lat' dir='ltr'>VH.</span> <span class='ocrx_word' id='word_1_179' title='bbox 496 2652 791 2726; x_wconf 80' lang='lat' dir='ltr'><strong>ALCIBIADES.</strong></span> 
     </span>
    </p>
   </div>
   <div class='ocr_carea' id='block_1_5' title="bbox 92 2789 1139 3581">
    <p class='ocr_par' dir='ltr' id='par_1_6' title="bbox 92 2789 1139 3581">
     <span class='ocr_line' id='line_1_27' title="bbox 180 2789 1135 2875; baseline 0.001 -18"><span class='ocrx_word' id='word_1_180' title='bbox 180 2791 375 2875; x_wconf 85' lang='lat' dir='ltr'>Alcibiades,</span> <span class='ocrx_word' id='word_1_181' title='bbox 393 2789 517 2856; x_wconf 83' lang='lat' dir='ltr'>Cliniae</span> <span class='ocrx_word' id='word_1_182' title='bbox 539 2791 635 2875; x_wconf 89' lang='lat' dir='ltr'>filius,</span> <span class='ocrx_word' id='word_1_183' title='bbox 651 2791 870 2856; x_wconf 82' lang='lat' dir='ltr'>Atheniensis.</span> <span class='ocrx_word' id='word_1_184' title='bbox 906 2791 940 2856; x_wconf 91' lang='lat' dir='ltr'>in</span> <span class='ocrx_word' id='word_1_185' title='bbox 962 2792 1024 2857; x_wconf 93' lang='lat' dir='ltr'>hoc</span> <span class='ocrx_word' id='word_1_186' title='bbox 1042 2794 1135 2858; x_wconf 82' lang='lat' dir='ltr'>nal</span> 
     </span>
     <span class='ocr_line' id='line_1_28' title="bbox 93 2878 1097 2965; baseline -0.002 -19"><span class='ocrx_word' id='word_1_187' title='bbox 93 2886 168 2947; x_wconf 86' lang='lat' dir='ltr'>tura</span> <span class='ocrx_word' id='word_1_188' title='bbox 201 2880 279 2965; x_wconf 91' lang='lat' dir='ltr'>quid</span> <span class='ocrx_word' id='word_1_189' title='bbox 310 2878 436 2952; x_wconf 87' lang='lat' dir='ltr'>efficere</span> <span class='ocrx_word' id='word_1_190' title='bbox 474 2879 579 2963; x_wconf 89' lang='lat' dir='ltr'>possit</span> <span class='ocrx_word' id='word_1_191' title='bbox 612 2879 739 2944; x_wconf 82' lang='lat' dir='ltr'>videtur</span> <span class='ocrx_word' id='word_1_192' title='bbox 773 2882 913 2964; x_wconf 84' lang='lat' dir='ltr'>experta</span> <span class='ocrx_word' id='word_1_193' title='bbox 967 2885 1097 2945; x_wconf 89' lang='lat' dir='ltr'>constat</span> 
     </span>
     <span class='ocr_line' id='line_1_29' title="bbox 94 2967 1097 3053; baseline -0.002 -19"><span class='ocrx_word' id='word_1_194' title='bbox 94 2970 179 3034; x_wconf 89' lang='lat' dir='ltr'>enim</span> <span class='ocrx_word' id='word_1_195' title='bbox 206 2970 292 3033; x_wconf 89' lang='lat' dir='ltr'>inter</span> <span class='ocrx_word' id='word_1_196' title='bbox 320 2989 444 3051; x_wconf 89' lang='lat' dir='ltr'>omnes,</span> <span class='ocrx_word' id='word_1_197' title='bbox 471 2967 526 3050; x_wconf 90' lang='lat' dir='ltr'>qui</span> <span class='ocrx_word' id='word_1_198' title='bbox 554 2968 592 3031; x_wconf 92' lang='lat' dir='ltr'>de</span> <span class='ocrx_word' id='word_1_199' title='bbox 616 2989 653 3031; x_wconf 93' lang='lat' dir='ltr'>eo</span> <span class='ocrx_word' id='word_1_200' title='bbox 677 2967 851 3032; x_wconf 88' lang='lat' dir='ltr'>memoriae</span> <span class='ocrx_word' id='word_1_201' title='bbox 877 2967 1097 3053; x_wconf 87' lang='lat' dir='ltr'>prodiderunt,</span> 
     </span>
     <span class='ocr_line' id='line_1_30' title="bbox 93 3054 1097 3122; baseline -0.001 -1"><span class='ocrx_word' id='word_1_202' title='bbox 93 3058 176 3122; x_wconf 85' lang='lat' dir='ltr'>nihil</span> <span class='ocrx_word' id='word_1_203' title='bbox 203 3057 261 3121; x_wconf 90' lang='lat' dir='ltr'>illo</span> <span class='ocrx_word' id='word_1_204' title='bbox 287 3055 389 3121; x_wconf 88' lang='lat' dir='ltr'>fuisse</span> <span class='ocrx_word' id='word_1_205' title='bbox 417 3054 625 3119; x_wconf 86' lang='lat' dir='ltr'>excellentius</span> <span class='ocrx_word' id='word_1_206' title='bbox 653 3056 704 3119; x_wconf 84' lang='lat' dir='ltr'>vel</span> <span class='ocrx_word' id='word_1_207' title='bbox 733 3055 768 3119; x_wconf 89' lang='lat' dir='ltr'>in</span> <span class='ocrx_word' id='word_1_208' title='bbox 795 3055 883 3120; x_wconf 84' lang='lat' dir='ltr'>vitiis</span> <span class='ocrx_word' id='word_1_209' title='bbox 906 3056 957 3120; x_wconf 80' lang='lat' dir='ltr'>val</span> <span class='ocrx_word' id='word_1_210' title='bbox 979 3055 1014 3119; x_wconf 92' lang='lat' dir='ltr'>in</span> <span class='ocrx_word' id='word_1_211' title='bbox 1036 3056 1097 3121; x_wconf 80' lang='lat' dir='ltr'>vir-</span> 
     </span>
     <span class='ocr_line' id='line_1_31' title="bbox 94 3142 1133 3228; baseline 0.001 -20"><span class='ocrx_word' id='word_1_212' title='bbox 94 3145 229 3210; x_wconf 88' lang='lat' dir='ltr'>tutibus.</span> <span class='ocrx_word' id='word_1_213' title='bbox 266 3148 362 3209; x_wconf 90' lang='lat' dir='ltr'>natus</span> <span class='ocrx_word' id='word_1_214' title='bbox 385 3144 420 3207; x_wconf 93' lang='lat' dir='ltr'>in</span> <span class='ocrx_word' id='word_1_215' title='bbox 442 3142 643 3226; x_wconf 88' lang='lat' dir='ltr'>amplissima</span> <span class='ocrx_word' id='word_1_216' title='bbox 665 3144 797 3208; x_wconf 81' lang='lat' dir='ltr'>civitate</span> <span class='ocrx_word' id='word_1_217' title='bbox 820 3165 946 3208; x_wconf 89' lang='lat' dir='ltr'>summo</span> <span class='ocrx_word' id='word_1_218' title='bbox 970 3160 1133 3228; x_wconf 64' lang='lat' dir='ltr'>generat</span> 
     </span>
     <span class='ocr_line' id='line_1_32' title="bbox 95 3230 1097 3316; baseline -0.002 -18"><span class='ocrx_word' id='word_1_219' title='bbox 95 3234 238 3298; x_wconf 91' lang='lat' dir='ltr'>omnium</span> <span class='ocrx_word' id='word_1_220' title='bbox 261 3232 378 3297; x_wconf 88' lang='lat' dir='ltr'>aetatis</span> <span class='ocrx_word' id='word_1_221' title='bbox 402 3252 478 3296; x_wconf 89' lang='lat' dir='ltr'>suae</span> <span class='ocrx_word' id='word_1_222' title='bbox 502 3231 606 3296; x_wconf 91' lang='lat' dir='ltr'>multo</span> <span class='ocrx_word' id='word_1_223' title='bbox 629 3230 899 3316; x_wconf 85' lang='lat' dir='ltr'>formosissimus,</span> <span class='ocrx_word' id='word_1_224' title='bbox 926 3232 1028 3315; x_wconf 83' lang='lat' dir='ltr'>dives3</span> <span class='ocrx_word' id='word_1_225' title='bbox 1056 3233 1097 3296; x_wconf 89' lang='lat' dir='ltr'>ad</span> 
     </span>
     <span class='ocr_line' id='line_1_33' title="bbox 94 3317 1097 3405; baseline -0.001 -20"><span class='ocrx_word' id='word_1_226' title='bbox 94 3342 205 3385; x_wconf 89' lang='lat' dir='ltr'>omnes</span> <span class='ocrx_word' id='word_1_227' title='bbox 223 3342 275 3385; x_wconf 88' lang='lat' dir='ltr'>res</span> <span class='ocrx_word' id='word_1_228' title='bbox 293 3325 389 3405; x_wconf 89' lang='lat' dir='ltr'>aptus</span> <span class='ocrx_word' id='word_1_229' title='bbox 408 3318 599 3402; x_wconf 88' lang='lat' dir='ltr'>consiliique</span> <span class='ocrx_word' id='word_1_230' title='bbox 617 3319 731 3403; x_wconf 87' lang='lat' dir='ltr'>plenus</span> <span class='ocrx_word' id='word_1_231' title='bbox 749 3317 901 3404; x_wconf 86' lang='lat' dir='ltr'>(namque</span> <span class='ocrx_word' id='word_1_232' title='bbox 919 3320 1097 3403; x_wconf 88' lang='lat' dir='ltr'>imperator</span> 
     </span>
     <span class='ocr_line' id='line_1_34' title="bbox 92 3405 1106 3495; baseline -0.006 -22"><span class='ocrx_word' id='word_1_233' title='bbox 92 3408 156 3473; x_wconf 86' lang='lat' dir='ltr'>fuit</span> <span class='ocrx_word' id='word_1_234' title='bbox 179 3430 323 3474; x_wconf 88' lang='lat' dir='ltr'>summus</span> <span class='ocrx_word' id='word_1_235' title='bbox 346 3411 380 3472; x_wconf 93' lang='lat' dir='ltr'>et</span> <span class='ocrx_word' id='word_1_236' title='bbox 403 3407 485 3471; x_wconf 87' lang='lat' dir='ltr'>mari</span> <span class='ocrx_word' id='word_1_237' title='bbox 507 3411 541 3471; x_wconf 93' lang='lat' dir='ltr'>et</span> <span class='ocrx_word' id='word_1_238' title='bbox 563 3405 679 3493; x_wconf 85' lang='lat' dir='ltr'>terra);</span> <span class='ocrx_word' id='word_1_239' title='bbox 701 3408 851 3490; x_wconf 89' lang='lat' dir='ltr'>disertus,</span> <span class='ocrx_word' id='word_1_240' title='bbox 873 3412 911 3472; x_wconf 91' lang='lat' dir='ltr'>ut</span> <span class='ocrx_word' id='word_1_241' title='bbox 929 3408 968 3469; x_wconf 88' lang='lat' dir='ltr'>in</span> <span class='ocrx_word' id='word_1_242' title='bbox 982 3409 1106 3495; x_wconf 57' lang='lat' dir='ltr'>primis</span> 
     </span>
     <span class='ocr_line' id='line_1_35' title="bbox 93 3491 1139 3581; baseline -0.018 -19"><span class='ocrx_word' id='word_1_243' title='bbox 93 3497 226 3564; x_wconf 87' lang='lat' dir='ltr'>dicendo</span> <span class='ocrx_word' id='word_1_244' title='bbox 258 3498 393 3580; x_wconf 81' lang='lat' dir='ltr'>valeret,</span> <span class='ocrx_word' id='word_1_245' title='bbox 426 3495 513 3581; x_wconf 90' lang='lat' dir='ltr'>quod</span> <span class='ocrx_word' id='word_1_246' title='bbox 540 3499 639 3562; x_wconf 88' lang='lat' dir='ltr'>tanta</span> <span class='ocrx_word' id='word_1_247' title='bbox 667 3500 744 3562; x_wconf 83' lang='lat' dir='ltr'>erat</span> <span class='ocrx_word' id='word_1_248' title='bbox 772 3491 1031 3561; x_wconf 61' lang='lat' dir='ltr'>commentatus</span> <span class='ocrx_word' id='word_1_249' title='bbox 1060 3501 1139 3543; x_wconf 60' lang='lat' dir='ltr'>om</span> 
     </span>
    </p>
   </div>
   <div class='ocr_carea' id='block_1_6' title="bbox 0 0 1235 3848">
    <p class='ocr_par' dir='ltr' id='par_1_7' title="bbox 0 0 1235 3848">
     <span class='ocr_line' id='line_1_36' title="bbox 0 0 1235 3848; baseline 0 0"><span class='ocrx_word' id='word_1_250' title='bbox 0 0 1235 3848; x_wconf 95' lang='lat' dir='ltr'> </span> 
     </span>
    </p>
   </div>
  </div>
 </body>
</html>
