2460 3848
390 185 451 242 VII.
471 186 696 243 ALCIBIADES.
725 195 749 244 3.
768 194 794 245 4.
1050 189 1094 254 25

90 330 237 414 privatus
253 330 513 395 existimabatur:
536 332 657 396 multos
676 332 762 397 enim
779 334 976 398 liberalitato
990 334 1096 400 devin-

90 422 191 502 xerat,
213 418 322 501 plures
341 419 440 483 etiam
459 440 557 502 opera
575 419 696 485 forensi
715 443 791 486 suos
809 423 1000 486 reddiderat.
1032 445 1096 506 qua
1113 436 1131 487 c

90 529 125 572 re
148 508 249 571 fiebat
271 510 309 571 ut
328 507 473 572 omnium
491 508 612 592 oculos,
634 509 923 594 quotienscumque
940 511 976 574 in
992 512 1096 595 publi-

91 617 165 661 cum
191 595 367 679 prodisset,
395 596 435 661 ad
463 617 497 660 so
525 600 727 668 conuerteret
749 619 852 682 nequo
876 598 906 663 ei
929 620 988 682 par
1012 599 1096 681 quis-

91 704 189 768 quam
212 683 246 747 in
269 683 400 749 civitate
427 688 610 768 poneretur.
654 685 765 768 itaque
787 708 853 751 non
876 688 982 751 solum
1006 708 1097 770 spem

91 772 126 836 in
149 793 186 836 eo
209 771 374 836 habebant
397 771 584 856 maximam,
612 773 668 837 sed
691 774 790 837 etiam
817 775 983 859 timorem,
1011 775 1096 858 quod

91 865 125 926 et
144 861 258 924 obesse
276 861 453 944 plurimum
471 865 504 925 et
522 861 674 944 prodesse
692 866 832 946 poterat.
864 863 1097 949 aspergebatur
1115 878 1131 927 s

92 949 191 1014 etiam
209 947 352 1034 infamia,
374 948 460 1032 quod
477 949 512 1013 in
531 950 626 1014 domo
645 971 703 1013 sua
721 949 826 1015 facere
845 973 878 1015 m
901 951 1001 1014 steria
1015 952 1098 1016 dice-

91 1039 189 1103 batur
212 1035 313 1122 (quod
330 1036 421 1102 nefas
441 1041 511 1101 erat
528 1058 618 1102 more
636 973 900 1124 Atheniensiuml
918 1039 1013 1122 idque
1031 1060 1097 1104 non

92 1127 132 1192 ad
154 1127 359 1212 religionem,
383 1125 438 1190 sed
461 1125 502 1190 ad
525 1126 781 1191 coniurationem
803 1127 965 1210 pertinere
989 1126 1097 1191 existi-

91 1217 250 1281 mabatur.

179 1302 251 1367 Hoc
279 1302 412 1367 crimine
443 1302 478 1366 in
504 1303 654 1368 contione
684 1303 724 1367 ab
758 1303 897 1368 inimicis
926 1301 1137 1387 compella-4

91 1394 198 1457 batur.
243 1390 299 1454 sed
326 1390 471 1455 instabat
498 1394 627 1474 tompus
655 1391 695 1455 ud
718 1391 840 1456 bollum
863 1392 1096 1476 proficiscendi.

92 1480 125 1545 id
156 1479 212 1542 ille
241 1478 371 1542 intuens
400 1501 504 1562 neque
533 1479 688 1564 ignorans
718 1479 837 1545 civium
865 1501 997 1545 suorum
1024 1502 1097 1545 con·

93 1567 296 1633 suetudinem
314 1567 512 1650 postulabat,
531 1567 560 1630 si
579 1567 656 1650 quid
670 1568 708 1630 de
723 1589 757 1632 se
772 1568 825 1652 agi
839 1568 969 1652 vellent,
986 1569 1096 1652 potius

92 1658 131 1722 de
149 1659 319 1741 praesenta
339 1655 486 1737 quaestio
504 1654 688 1739 haberetur,
707 1676 804 1739 quam
823 1657 939 1720 absens
958 1656 1097 1720 invidiae

92 1744 226 1810 crimine
254 1746 469 1808 accusaretur.
513 1742 637 1806 inimici
663 1764 739 1807 vero
770 1743 838 1807 eius
870 1744 1132 1827 quiescendums

92 1835 126 1897 in
153 1830 330 1917 praesenti,
357 1830 433 1913 quia
459 1830 568 1894 noceri
590 1832 619 1894 ec'
639 1852 706 1895 non
732 1851 827 1914 posse
854 1831 1097 1916 intellegebant,

92 1926 126 1986 et
148 1920 229 1984 illud
247 1922 375 2001 tempus
394 1918 645 2002 exspectandum
667 1919 885 2004 decreverunt,
904 1941 969 2002 quo
990 1919 1098 1985 classis

93 2010 227 2092 exisset,
253 2011 291 2071 ut
319 2007 488 2071 absentem
511 2007 777 2092 aggrederentur,
804 2006 914 2091 itaque
942 2007 1096 2073 focerunt

90 2120 167 2163 nam
184 2099 359 2181 postquam
377 2092 572 2173 insiciliam
590 2116 663 2160 eum
682 2095 867 2178 peruenisse
882 2096 1131 2180 crediderunt,³

92 2187 273 2267 absentem,
301 2183 387 2266 quod
411 2204 502 2248 sacra
524 2183 691 2266 violasset,
718 2206 810 2248 reum
832 2183 987 2249 fecerunt.
1033 2205 1097 2266 qua

91 2275 130 2340 de
153 2295 188 2339 re
211 2295 284 2338 cum
308 2271 337 2336 ei
359 2272 493 2336 nuntius
514 2294 534 2335 a
551 2272 747 2357 magistratu
764 2273 800 2335 in
814 2270 959 2337 Siciliam
977 2272 1095 2336 missus

92 2367 192 2446 esset,
221 2365 259 2425 ut
281 2360 413 2424 domum
437 2359 477 2424 ad
500 2381 630 2424 causam
653 2359 819 2424 dicendam
841 2360 975 2441 rediret,
998 2364 1097 2423 esset·

93 2473 154 2535 que
186 2450 221 2514 in
250 2469 368 2534 magna
398 2469 455 2531 spe
486 2448 670 2532 provinciae
701 2448 783 2511 bene
816 2447 1096 2530 administrandae,

91 2561 158 2605 non
179 2557 292 2621 parere
314 2535 421 2599 noluit
443 2539 477 2599 et
498 2535 533 2598 in
555 2536 734 2618 triremem,
762 2557 843 2618 quae
867 2535 906 2597 ad
929 2555 1003 2598 eum
1026 2539 1097 2599 erat

92 2625 326 2710 deportandum
349 2623 457 2707 missa,
480 2623 633 2688 ascendit.
667 2623 727 2687 hac
745 2621 884 2686 Thurios
907 2621 942 2686 in
964 2621 1131 2688 Italiam4

92 2716 276 2799 pervectus,
303 2710 407 2775 multa
434 2732 543 2775 secum
571 2715 724 2795 reputans
753 2711 791 2774 de
818 2710 1030 2776 immoderata
1054 2711 1096 2777 ci·

92 2803 182 2867 vium
205 2820 337 2864 suorum
359 2798 491 2863 licentia
509 2799 762 2882 crudelitateque
781 2819 859 2884 erga
875 2800 1011 2884 nobiles,
1033 2803 1096 2864 uti·

90 2889 254 2956 dissimum
267 2890 358 2952 ratus
372 2886 610 2969 impendentem
624 2887 745 2950 evitare
759 2890 997 2970 tempestatem,
1011 2889 1095 2952 clam

92 3002 126 3044 se
155 2979 195 3042 ab
224 2974 412 3041 custodibus
440 2975 593 3039 subduxit
620 2979 653 3039 et
684 2974 758 3039 inde
789 2975 931 3059 primum
957 2975 1095 3060 Elidem,

92 3067 166 3132 dein
187 3065 315 3130 Thebas
338 3062 437 3128 venit.
480 3067 655 3147 postquam
680 3067 788 3127 autem
811 3084 845 3128 se
869 3064 985 3148 capitis
1009 3064 1129 3127 dam-5

91 3159 205 3220 natum
228 3152 322 3218 bonis
345 3151 520 3235 publicatis
543 3151 675 3235 audivit,
698 3155 740 3236 et,
762 3151 795 3215 id
819 3153 904 3236 quod
926 3172 1095 3233 numquam

91 3247 184 3309 aclea
209 3263 271 3307 usu
297 3243 443 3323 venerat,
474 3238 685 3323 Eumolpidas
717 3240 899 3314 sacerdotes
928 3262 947 3303 a
972 3240 1093 3322 populo

91 3335 222 3397 coactos
241 3333 279 3394 ut
297 3350 331 3393 se
350 3329 551 3412 devoverent,
570 3328 703 3411 eiusque
721 3328 902 3392 devotionis
918 3347 981 3410 quo
996 3331 1094 3392 testa·

91 3420 157 3485 tior
180 3431 266 3483 esset
289 3416 453 3500 momoria,
476 3417 657 3501 exemplum
675 3418 710 3481 in
726 3416 794 3499 pila
811 3416 941 3498 lapidea
956 3415 1109 3502 incisam

89 3530 160 3574 esso
188 3506 333 3593 positum
361 3506 396 3569 in
422 3504 570 3594 publico,
593 3504 893 3572 Lacedaemonem
909 3493 1127 3572 demumst
