2460 3848
408 201 493 259 XXV.
511 201 671 258 ATTIOUS.
701 208 782 258 9.10.
1032 205 1096 270 105

91 348 182 412 nulla
204 349 283 410 erat
327 368 394 410 non
416 347 521 412 solum
543 346 676 432 inimici,
699 347 754 431 qui
777 352 848 412 tum
871 352 963 413 erant
984 354 1096 434 poten·

92 434 213 500 tissimi
235 437 270 499 et
295 434 441 519 plurimi,
471 435 649 501 sedetiam
674 436 729 519 qui
752 436 944 501 adversariis
968 438 1036 503 eius
1060 461 1094 504 se

92 523 304 588 venditabant
326 526 359 586 et
386 523 420 587 in
447 545 484 588 eo
512 523 666 588 laedendo
695 523 838 607 aliquam
866 529 1094 592 consecuturos

94 612 268 696 sperabant
290 611 569 695 commoditatem,
592 611 728 676 Antonii
750 611 927 678 familiares
950 614 1096 699 inseque

46 767 49 772 ,
93 701 225 783 bantur,
251 719 385 764 uxorem
407 698 556 764 Fulviam
584 700 734 764 omnibus
761 701 857 765 rebus
882 702 1021 785 spoliare
1045 723 1096 768 eu·

93 788 235 873 piabant,
257 788 377 852 liberos
401 787 500 853 etiam
522 788 727 874 exstinguere
749 790 918 872 parabant.
955 789 1131 876 Attianae

94 898 167 943 cum
189 874 354 942 Ciceronis
377 875 494 941 intima
516 876 740 941 familiaritate
763 881 918 961 uteretur,
942 879 1096 945 amicissi-

93 987 166 1031 mus
189 969 276 1030 esset
297 963 411 1049 Bruto,
435 986 502 1030 non
523 964 619 1030 modo
641 964 724 1030 nihil
746 965 787 1030 iis
810 965 946 1030 indulsit
969 968 1010 1031 ad
1032 967 1096 1032 An·

93 1054 220 1120 tonium
242 1053 436 1137 violandum,
461 1053 517 1119 sed
539 1075 556 1118 e
580 1054 742 1119 contrario
766 1053 943 1120 familiares
967 1055 1035 1120 eius
1058 1077 1098 1119 ex

92 1144 173 1208 urbe
190 1141 422 1227 profugientes,
445 1145 602 1226 quantum
619 1142 736 1227 potuit,
755 1143 846 1226 texit,
865 1143 981 1227 quibus
1000 1144 1096 1208 rebus

93 1231 311 1316 indiguerunt,
329 1229 461 1295 adiuvit
493 1229 609 1294 Publio
628 1251 703 1295 vero
718 1229 895 1296 Volumnio
915 1253 953 1297 ea
971 1232 1097 1316 tribuit,
1115 1250 1133 1300 4

92 1324 131 1384 ut
148 1320 243 1403 plura
257 1339 277 1381 a
293 1321 427 1402 parente
444 1317 608 1402 proficisci
620 1339 687 1384 non
704 1319 879 1402 potuerint
909 1319 974 1404 ipsi
988 1325 1097 1385 autem

93 1407 242 1489 Fuluiae,
271 1426 344 1470 cum
370 1405 484 1471 litibus
513 1407 721 1471 distineretur
748 1407 939 1492 magnisque
968 1408 1098 1474 terrori-

93 1495 155 1559 bus
182 1497 365 1578 vexaretur,
397 1497 491 1559 tanta
518 1495 687 1581 diligentia
715 1494 858 1559 officium
886 1517 981 1560 suum
1007 1517 1098 1581 prae·

94 1583 192 1667 stitit,
213 1586 252 1646 ut
272 1582 399 1647 nullum
421 1583 479 1647 illa
502 1583 625 1647 stiterit
648 1583 867 1647 vadimonium
886 1584 956 1648 sine
974 1582 1098 1667 Attico,

93 1672 216 1738 Atticus
248 1691 384 1754 sponsor
414 1671 559 1735 omnium
589 1692 698 1735 rerum
728 1670 835 1735 fuerit.
882 1671 960 1755 quin
989 1672 1132 1756 etiams

95 1780 168 1826 cum
199 1759 257 1823 illa
287 1757 423 1823 fundum
455 1759 595 1824 secunda
626 1757 758 1823 fortuna
785 1758 918 1823 emisset
948 1759 983 1823 in
1012 1759 1098 1823 diem

93 1869 198 1933 neque
215 1850 292 1930 post
310 1846 529 1911 calamitatem
547 1868 712 1912 versuram
729 1845 836 1911 facere
853 1847 1025 1932 potuisset,
1042 1847 1097 1911 ille

95 1958 129 2002 se
151 1935 349 2019 interposuit
375 1935 608 2019 pecuniamque
631 1935 700 2000 sine
722 1934 852 2000 faenore
875 1935 1008 2019 sineque
1030 1935 1099 2000 ulla

95 2024 306 2109 stipulatione
329 2022 479 2107 credidit,
505 2023 682 2088 maximum
705 2023 894 2088 existimans
918 2027 1098 2108 quaestum,

94 2133 271 2179 memorem
294 2114 488 2198 gratumque
512 2112 678 2198 cognosci,
705 2112 865 2196 simulque
893 2112 1040 2197 aperiens
1064 2133 1098 2176 se

93 2223 160 2268 non
177 2200 337 2286 fortunae,
356 2200 413 2265 sed
430 2200 617 2265 hominibus
631 2201 735 2265 solere
750 2221 820 2266 esse
835 2200 983 2264 amicum.
1016 2221 1098 2283 quae
1117 2219 1134 2267 s

88 2312 168 2357 sum
194 2289 350 2372 faciebat,
377 2310 473 2354 nemo
501 2311 575 2354 eum
602 2289 758 2372 temporis
787 2309 884 2353 causa
911 2287 1017 2352 facere
1044 2308 1099 2370 po

95 2380 181 2442 terat
204 2377 403 2442 existimare:
429 2377 551 2440 nemini
575 2377 661 2440 enim
683 2377 718 2440 in
740 2376 927 2459 opinionem
949 2373 1099 2439 veniebat

95 2463 276 2530 Antonium
302 2485 410 2528 rerum
436 2464 627 2547 potiturum.
673 2464 729 2527 sed
752 2462 957 2542 sensus-eius
981 2483 1000 2525 a
1022 2481 1133 2530 non-t

93 2552 194 2618 nullis
209 2551 422 2635 optimatibus
435 2551 739 2635 reprehendebatur,
759 2551 844 2635 quod
857 2569 973 2633 parum
993 2550 1099 2615 odisse
1152 2592 1153 2596 =

96 2641 199 2706 malos
223 2639 308 2704 cives
331 2638 503 2703 videretur.
547 2638 603 2702 ille
627 2642 750 2724 autem,
773 2639 824 2703 sui
846 2638 966 2722 iudicii,
988 2638 1099 2722 potius

97 2728 174 2813 quid
201 2748 235 2792 se
262 2726 368 2792 facere
396 2747 457 2810 par
483 2730 569 2792 esset
597 2727 786 2791 intuebatur
813 2747 910 2810 quam
939 2726 1015 2810 quid
1043 2726 1100 2790 alii

95 2815 259 2881 laudaturi
281 2814 397 2880 forent.

184 2903 348 2970 Conversa
370 2903 478 2968 subito
502 2902 633 2968 fortuna
656 2906 714 2967 est.
755 2906 793 2967 ut
814 2902 979 2967 Antonius
1003 2902 1101 2966 rediit
1111 2903 1153 2968 10

96 2993 131 3056 in
161 2991 306 3076 Italiam,
337 3012 434 3056 nemo
464 3012 531 3056 non
562 3011 681 3076 magno
713 2990 747 3055 in
779 2990 923 3074 periculo
950 2988 1101 3056 Atticum

96 3084 229 3165 putarat
255 3083 390 3164 propter
416 3079 566 3144 intimam
593 3078 851 3144 familiaritatem
874 3077 1039 3144 Ciceronis
1067 3082 1101 3141 et

96 3168 200 3236 Bruti
251 3170 362 3252 itaque
394 3168 435 3233 ad
471 3168 646 3233 adventum
681 3167 916 3250 imperatorum
953 3166 992 3230 de
1028 3165 1135 3231 foroa

97 3257 297 3341 decesserat,
328 3257 448 3321 timens
474 3255 764 3339 proscriptionem,
795 3255 982 3337 latebatque
1015 3254 1101 3338 apud

96 3344 131 3409 P.
154 3343 380 3429 Volumnium,
403 3343 465 3428 cui,
487 3347 525 3408 nt
548 3343 764 3427 ostendimus,
786 3343 884 3428 paulo
908 3345 982 3406 ante
1007 3363 1102 3425 opem

95 3433 217 3498 tulerat
245 3430 351 3518 (tanta
377 3433 517 3497 varietas
547 3432 588 3496 iis
616 3431 817 3516 temporibus
849 3430 912 3494 fuit
943 3429 1105 3509 fortunae,

94 3526 133 3586 ut
156 3521 252 3586 modo
279 3521 329 3605 hi,
357 3521 454 3587 modo
477 3519 526 3584 illi
549 3520 585 3585 in
607 3541 737 3587 summo
760 3523 878 3584 essent
896 3521 963 3578 aut
977 3513 1129 3584 {assuage
