2460 3848
132 168 176 232 26
439 170 500 225 VH.
518 170 742 227 ALCIBIADES.
769 175 837 224 11.

93 328 110 377 o
128 312 186 395 ibi,
203 317 243 377 ut
256 314 328 399 ipse
340 314 527 398 praedicare
542 319 721 397 consuerat,
739 334 805 377 non
818 312 970 380 aduersus
984 315 1138 398 patriam,

129 401 188 465 sed
216 402 367 468 inimicos
397 424 473 468 suos
503 403 626 468 bellum
655 401 769 488 gessit,
802 401 857 484 qui
890 403 993 466 eidem
1022 403 1136 469 hostes

129 495 243 556 essent
270 490 410 557 civitati:
441 512 517 556 nam
545 512 618 556 cum
644 489 869 574 intellegerent
898 511 931 554 se
959 491 1137 575 plurimum

129 580 287 661 prodesse
312 599 409 663 posse
436 579 484 642 rei
510 579 672 663 publicae,
704 599 743 641 ex
770 599 808 641 ea
835 579 967 643 eiecisse
997 581 1137 664 plusque

95 666 201 732 sirac
228 688 306 733 suae
333 688 431 750 quam
462 667 599 731 utilitati
631 666 794 730 communi
824 668 979 750 paruisse.
1024 668 1136 752 itaque

130 754 229 820 huius
247 755 383 823 oonsilio
397 753 643 820 Lacedaemonii
662 776 736 819 cum
748 753 847 820 Perse
865 777 941 841 rege
958 756 1137 821 amicitiam

130 840 293 928 fecerunt,
319 843 393 909 dein
414 842 586 908 Deceleam
611 843 647 906 in
669 841 783 906 Attica
805 844 990 908 munierunt
1017 844 1138 928 praesi-

131 929 252 1016 dioque
280 932 328 997 ibi
353 934 508 1016 perpetuo
535 930 644 1014 posito
672 931 707 995 in
730 931 897 996 obsidione
920 931 1068 998 Athenas
1091 937 1138 998 re·

131 1026 283 1088 nuerunt.
315 1019 456 1086 eiusdem
478 1040 576 1103 opera
593 1017 720 1084 Ioniam
738 1041 757 1083 a
775 1020 930 1084 societate
949 1025 1137 1087 averterunt

133 1109 389 1176 Atheniensium.
425 1128 489 1190 quo
512 1106 600 1172 facto
624 1108 728 1172 multo
752 1108 933 1192 superiores
955 1109 1042 1174 bello
1066 1131 1137 1175 esse

134 1219 192 1264 coe
216 1201 319 1263 erunt

97 1286 119 1352 5
191 1220 336 1368 pNeque
357 1304 433 1348 vero
461 1283 513 1348 his
543 1284 640 1349 rebus
663 1289 732 1350 tam
755 1285 851 1350 amici
873 1283 1037 1369 Alcibiadi
1060 1291 1138 1352 sunt

133 1372 212 1438 facti
236 1394 334 1455 quam
355 1371 473 1436 timore
496 1372 538 1436 ab
561 1394 599 1438 eo
623 1373 764 1438 alienati.
800 1395 877 1438 nam
895 1396 969 1438 cum
988 1375 1137 1440 acerrimi

133 1460 195 1525 riri
216 1463 437 1544 praestantem
459 1460 665 1543 prudentiam
683 1462 717 1525 in
736 1462 886 1526 omnibus
904 1463 1001 1527 rebus
1021 1485 1138 1548 cogno-

134 1553 273 1633 scerent,
304 1547 542 1632 pertimuerunt
562 1571 603 1614 ne
626 1550 762 1614 caritate
784 1549 910 1633 patriae
937 1549 1052 1615 ductus
1081 1552 1138 1616 ali-

134 1637 262 1721 quando
290 1637 331 1701 ab
359 1636 439 1719 ipsis
466 1637 659 1703 descisceret
686 1642 719 1702 et
747 1659 820 1702 cum
847 1637 915 1702 suis
938 1637 973 1701 in
994 1639 1138 1723 gratiam

133 1725 261 1791 rediret.
296 1724 407 1808 itaque
430 1728 559 1810 tempus
583 1727 652 1791 eius
674 1725 891 1791 interficiundi
916 1746 1068 1809 quaerere
1090 1727 1138 1791 in·

100 1813 319 1883 astituerunt.
364 1811 398 1876 id
425 1812 610 1879 Alcibiades
640 1814 761 1879 diuuus
790 1813 888 1879 celari
918 1832 984 1879 non
1014 1815 1138 1899 potuit:

134 1901 312 1967 eratenim
335 1922 374 1965 ea
397 1903 589 1988 sagacitate,
616 1906 654 1967 ut
676 1903 780 1986 decipi
802 1924 869 1967 non
895 1906 1021 1987 posset,
1047 1925 1138 1986 prae·

134 1989 247 2055 sertim
269 2010 344 2054 cum
367 1990 511 2054 animum
534 1990 727 2055 attendisset
745 1989 786 2054 ad
805 1990 989 2056 cavendum
1025 1990 1138 2075 itaque

133 2077 174 2143 ad
196 2076 455 2162 Tissaphemem,
477 2077 677 2161 praefectum
701 2078 786 2164 regis
805 2076 907 2160 Darii,
931 2100 965 2142 se
989 2080 1138 2145 eontulit

100 2165 225 2237 acuius
248 2187 322 2230 cum
344 2166 379 2230 in
401 2165 552 2230 intimam
571 2166 749 2230 amicitiam
767 2166 968 2249 pervenisset
986 2171 1020 2231 et
1038 2168 1139 2233 Athe-

133 2254 294 2321 niensium
317 2254 402 2318 male
425 2254 528 2339 gestis
550 2254 585 2318 in
608 2253 720 2318 Sicilia
742 2255 838 2318 rebus
863 2275 939 2338 opes
964 2276 1139 2342 senescere,

134 2345 247 2408 contra
269 2341 598 2407 Lacedaemoniorum
622 2363 763 2408 crescere
786 2342 923 2427 videret,
945 2344 1040 2409 initio
1064 2366 1138 2410 cum

132 2428 291 2495 Pisandro
314 2435 474 2514 praetore,
498 2431 553 2514 qui
576 2430 662 2514 apud
685 2428 819 2496 Samum
842 2432 1019 2496 exercitum
1041 2432 1139 2498 habc-

132 2518 200 2603 bat,
218 2540 276 2602 per
293 2519 512 2584 internuntios
532 2519 729 2602 colloquitur
747 2519 837 2584 etde
856 2519 962 2584 reditu
980 2542 1039 2585 suo
1058 2520 1139 2586 facit

132 2607 340 2672 mentionem.
373 2617 401 2672 ts
419 2611 490 2672 erat
508 2607 594 2671 enim
612 2607 725 2673 eodem
744 2629 808 2691 quo
827 2608 1013 2674 Alcibiades
1032 2630 1140 2696 sensu,

131 2695 246 2778 populi
276 2696 442 2780 potentiae
471 2717 537 2760 non
567 2696 689 2762 amicus
717 2700 751 2760 ct
780 2696 989 2780 optimatium
1020 2695 1139 2763 fautor.

98 2781 174 2851 tab
202 2783 265 2849 hoc
288 2785 464 2849 destitutus
486 2785 628 2868 primum
650 2806 708 2868 per
730 2783 979 2870 Thrasybulum,
1001 2783 1081 2870 Lyci
1104 2787 1140 2851 fi-

131 2869 223 2956 lium,
242 2872 282 2937 ab
298 2872 440 2937 exercitu
458 2873 614 2956 recipitur
631 2877 825 2957 praetorque
843 2874 882 2937 fit
896 2873 982 2957 apud
997 2872 1140 2960 Samum,

132 2963 210 3042 post
238 2961 435 3047 suffragante
463 2960 661 3026 Theramene
692 2962 805 3046 populi
837 2962 920 3026 scito
952 2963 1141 3028 restituitur

132 3049 268 3132 parique
292 3051 409 3114 absens
431 3049 567 3133 imperio
586 3050 774 3133 praeficitur
792 3050 889 3114 simul
909 3071 982 3114 cum
1001 3049 1141 3135 Thrasy·

98 3135 211 3201 tbulo
230 3141 263 3202 et
281 3136 489 3201 Theramene.
525 3138 643 3202 horum
665 3139 700 3202 in
722 3138 859 3221 imperio
883 3141 976 3203 tanta
999 3160 1141 3205 commu·

133 3226 217 3290 tatio
237 3247 345 3290 rerum
363 3225 450 3290 facta
469 3229 528 3310 est,
545 3229 583 3289 ut
602 3225 858 3309 Lacedaemonii,
877 3226 932 3309 qui
950 3227 1047 3310 paulo
1065 3233 1142 3293 ante

132 3314 273 3379 victores
303 3313 487 3399 viguerant,
518 3315 685 3397 perterriti
715 3335 828 3398 pacem
859 3319 1016 3397 peterent
1061 3316 1142 3381 victi

133 3402 220 3466 enim
244 3405 337 3466 erant
360 3401 501 3485 quinque
519 3403 653 3485 proeliis
676 3403 895 3486 terrestribus,
918 3403 1024 3467 tribus
1046 3426 1143 3469 nava-

124 3489 228 3572 haas,
258 3489 295 3553 in
324 3490 443 3573 quibus
472 3490 626 3555 ducentas
653 3512 751 3555 nares
779 3490 928 3555 triremes
956 3492 1145 3578 amiserant,
