<?xml version="1.0" encoding="UTF-8"?>
<!DOCTYPE html PUBLIC "-//W3C//DTD XHTML 1.0 Transitional//EN"
    "http://www.w3.org/TR/xhtml1/DTD/xhtml1-transitional.dtd">
<html xmlns="http://www.w3.org/1999/xhtml" xml:lang="en" lang="en">
 <head>
  <title>
</title>
<meta http-equiv="Content-Type" content="text/html;charset=utf-8" />
  <meta name='ocr-system' content='tesseract 3.04.00' />
  <meta name='ocr-capabilities' content='ocr_page ocr_carea ocr_par ocr_line ocrx_word'/>
</head>
<body>
  <div class='ocr_page' id='page_1' title='image "./corneliinepotis03halmgoog_0109.png"; bbox 0 0 2460 3848; ppageno 0'>
   <div class='ocr_carea' id='block_1_1' title="bbox 164 177 903 244">
    <p class='ocr_par' dir='ltr' id='par_1_1' title="bbox 164 177 903 244">
     <span class='ocr_line' id='line_1_1' title="bbox 164 177 903 244; baseline 0.001 -12"><span class='ocrx_word' id='word_1_1' title='bbox 164 180 207 244; x_wconf 87' lang='grc'>96</span> <span class='ocrx_word' id='word_1_2' title='bbox 456 178 554 233; x_wconf 83' lang='lat' dir='ltr'>XXIII.</span> <span class='ocrx_word' id='word_1_3' title='bbox 572 177 770 233; x_wconf 81' lang='lat' dir='ltr'>HANNIBAL.</span> <span class='ocrx_word' id='word_1_4' title='bbox 801 183 842 235; x_wconf 80' lang='lat'>12.</span> <span class='ocrx_word' id='word_1_5' title='bbox 863 184 903 233; x_wconf 82' lang='grc'>13.</span> 
     </span>
    </p>
   </div>
   <div class='ocr_carea' id='block_1_2' title="bbox 44 321 1171 3577">
    <p class='ocr_par' dir='ltr' id='par_1_2' title="bbox 165 321 1171 587">
     <span class='ocr_line' id='line_1_2' title="bbox 165 321 1169 410; baseline 0.001 -22"><span class='ocrx_word' id='word_1_6' title='bbox 165 324 235 410; x_wconf 83' lang='lat' dir='ltr'>gati</span> <span class='ocrx_word' id='word_1_7' title='bbox 208 322 395 389; x_wconf 90' lang='lat' dir='ltr'>tPrnsiae</span> <span class='ocrx_word' id='word_1_8' title='bbox 425 323 546 388; x_wconf 82' lang='lat' dir='ltr'>Romae</span> <span class='ocrx_word' id='word_1_9' title='bbox 575 323 660 405; x_wconf 90' lang='lat' dir='ltr'>apud</span> <span class='ocrx_word' id='word_1_10' title='bbox 687 322 722 386; x_wconf 83' lang='lat' dir='ltr'>T.</span> <span class='ocrx_word' id='word_1_11' title='bbox 751 321 852 398; x_wconf 78' lang='lat' dir='ltr'>Quint</span> <span class='ocrx_word' id='word_1_12' title='bbox 838 323 922 387; x_wconf 88' lang='lat' dir='ltr'>tium</span> <span class='ocrx_word' id='word_1_13' title='bbox 949 323 1169 389; x_wconf 79' lang='lat' dir='ltr'><strong>Flamininum</strong></span> 
     </span>
     <span class='ocr_line' id='line_1_3' title="bbox 165 410 1171 493; baseline 0.001 -16"><span class='ocrx_word' id='word_1_14' title='bbox 165 413 366 477; x_wconf 80' lang='lat' dir='ltr'><strong>consularem</strong></span> <span class='ocrx_word' id='word_1_15' title='bbox 398 415 550 476; x_wconf 79' lang='lat' dir='ltr'>canerent</span> <span class='ocrx_word' id='word_1_16' title='bbox 555 415 693 493; x_wconf 90' lang='lat' dir='ltr'>,atque</span> <span class='ocrx_word' id='word_1_17' title='bbox 725 410 772 476; x_wconf 94' lang='lat' dir='ltr'>ibi</span> <span class='ocrx_word' id='word_1_18' title='bbox 804 412 843 476; x_wconf 91' lang='lat' dir='ltr'>de</span> <span class='ocrx_word' id='word_1_19' title='bbox 871 410 1054 478; x_wconf 78' lang='lat' dir='ltr'>Hannibale</span> <span class='ocrx_word' id='word_1_20' title='bbox 1084 435 1171 478; x_wconf 90' lang='lat' dir='ltr'>men-</span> 
     </span>
     <span class='ocr_line' id='line_1_4' title="bbox 165 461 1169 587; baseline 0.003 -23"><span class='ocrx_word' id='word_1_21' title='bbox 165 501 253 565; x_wconf 89' lang='lat' dir='ltr'>tione</span> <span class='ocrx_word' id='word_1_22' title='bbox 276 499 364 564; x_wconf 87' lang='lat' dir='ltr'>facta</span> <span class='ocrx_word' id='word_1_23' title='bbox 388 521 427 564; x_wconf 83' lang='lat' dir='ltr'>ex</span> <span class='ocrx_word' id='word_1_24' title='bbox 448 499 489 563; x_wconf 93' lang='lat' dir='ltr'>iis</span> <span class='ocrx_word' id='word_1_25' title='bbox 511 461 595 563; x_wconf 78' lang='lat' dir='ltr'>unias</span> <span class='ocrx_word' id='word_1_26' title='bbox 619 498 740 563; x_wconf 90' lang='lat' dir='ltr'>diceret</span> <span class='ocrx_word' id='word_1_27' title='bbox 762 520 836 564; x_wconf 90' lang='lat' dir='ltr'>eum</span> <span class='ocrx_word' id='word_1_28' title='bbox 858 500 893 564; x_wconf 90' lang='lat' dir='ltr'>in</span> <span class='ocrx_word' id='word_1_29' title='bbox 910 499 1045 565; x_wconf 80' lang='lat' dir='ltr'>Prusiae</span> <span class='ocrx_word' id='word_1_30' title='bbox 1068 522 1169 587; x_wconf 84' lang='lat' dir='ltr'>regno</span> 
     </span>
    </p>

    <p class='ocr_par' dir='ltr' id='par_1_3' title="bbox 130 586 1169 1025">
     <span class='ocr_line' id='line_1_5' title="bbox 130 586 1169 692; baseline 0.002 -40"><span class='ocrx_word' id='word_1_31' title='bbox 130 605 146 652; x_wconf 78' lang='lat' dir='ltr'>a</span> <span class='ocrx_word' id='word_1_32' title='bbox 165 610 244 653; x_wconf 91' lang='lat' dir='ltr'>esse.</span> <span class='ocrx_word' id='word_1_33' title='bbox 275 588 309 652; x_wconf 94' lang='lat' dir='ltr'>id</span> <span class='ocrx_word' id='word_1_34' title='bbox 326 591 458 671; x_wconf 89' lang='lat' dir='ltr'>postero</span> <span class='ocrx_word' id='word_1_35' title='bbox 474 587 524 652; x_wconf 90' lang='lat' dir='ltr'>die</span> <span class='ocrx_word' id='word_1_36' title='bbox 538 586 740 652; x_wconf 81' lang='lat' dir='ltr'>Flamininus</span> <span class='ocrx_word' id='word_1_37' title='bbox 760 589 887 652; x_wconf 90' lang='lat' dir='ltr'>senatui</span> <span class='ocrx_word' id='word_1_38' title='bbox 901 589 1027 654; x_wconf 89' lang='lat' dir='ltr'>detulit.</span> <span class='ocrx_word' id='word_1_39' title='bbox 1047 594 1169 692; x_wconf 35' lang='lat' dir='ltr'>,patres</span> 
     </span>
     <span class='ocr_line' id='line_1_6' title="bbox 165 674 1159 777; baseline 0.001 -35"><span class='ocrx_word' id='word_1_40' title='bbox 165 676 354 760; x_wconf 68' lang='lat' dir='ltr'>conscripti,</span> <span class='ocrx_word' id='word_1_41' title='bbox 384 676 440 759; x_wconf 91' lang='lat' dir='ltr'>qni</span> <span class='ocrx_word' id='word_1_42' title='bbox 461 674 645 739; x_wconf 84' lang='lat' dir='ltr'>Hannibale</span> <span class='ocrx_word' id='word_1_43' title='bbox 668 676 741 740; x_wconf 93' lang='grc' dir='ltr'>ιιιο</span> <span class='ocrx_word' id='word_1_44' title='bbox 764 696 942 777; x_wconf 86' lang='lat' dir='ltr'>numquam</span> <span class='ocrx_word' id='word_1_45' title='bbox 965 699 1000 742; x_wconf 87' lang='lat' dir='ltr'>se</span> <span class='ocrx_word' id='word_1_46' title='bbox 1028 678 1159 743; x_wconf 90' lang='lat' dir='ltr'>sinem</span> 
     </span>
     <span class='ocr_line' id='line_1_7' title="bbox 165 763 1170 849; baseline 0.001 -20"><span class='ocrx_word' id='word_1_47' title='bbox 165 765 256 830; x_wconf 89' lang='lat' dir='ltr'>sidiis</span> <span class='ocrx_word' id='word_1_48' title='bbox 278 764 406 828; x_wconf 83' lang='lat' dir='ltr'>futuros</span> <span class='ocrx_word' id='word_1_49' title='bbox 430 763 655 829; x_wconf 82' lang='lat' dir='ltr'>existimarent</span> <span class='ocrx_word' id='word_1_50' title='bbox 661 764 852 849; x_wconf 84' lang='lat' dir='ltr'>,legatos&#39;</span> <span class='ocrx_word' id='word_1_51' title='bbox 842 786 878 828; x_wconf 92' lang='lat' dir='ltr'>m</span> <span class='ocrx_word' id='word_1_52' title='bbox 899 764 956 830; x_wconf 94' lang='lat' dir='ltr'>Bit</span> <span class='ocrx_word' id='word_1_53' title='bbox 941 765 1089 849; x_wconf 85' lang='lat' dir='ltr'>thyniam</span> <span class='ocrx_word' id='word_1_54' title='bbox 1112 766 1170 830; x_wconf 91' lang='lat' dir='ltr'>mi·</span> 
     </span>
     <span class='ocr_line' id='line_1_8' title="bbox 166 851 1169 939; baseline 0.003 -23"><span class='ocrx_word' id='word_1_55' title='bbox 166 856 290 936; x_wconf 88' lang='lat' dir='ltr'>serunt,</span> <span class='ocrx_word' id='word_1_56' title='bbox 319 852 423 917; x_wconf 89' lang='lat' dir='ltr'>ineis</span> <span class='ocrx_word' id='word_1_57' title='bbox 446 851 679 936; x_wconf 82' lang='lat' dir='ltr'>Flamininum,</span> <span class='ocrx_word' id='word_1_58' title='bbox 702 851 758 935; x_wconf 91' lang='lat' dir='ltr'>qui</span> <span class='ocrx_word' id='word_1_59' title='bbox 781 853 822 916; x_wconf 95' lang='lat' dir='ltr'>ab</span> <span class='ocrx_word' id='word_1_60' title='bbox 846 874 922 939; x_wconf 79' lang='lat' dir='ltr'>rege</span> <span class='ocrx_word' id='word_1_61' title='bbox 944 859 1106 939; x_wconf 90' lang='lat' dir='ltr'>peterent,</span> <span class='ocrx_word' id='word_1_62' title='bbox 1128 876 1169 919; x_wconf 91' lang='lat' dir='ltr'>ne</span> 
     </span>
     <span class='ocr_line' id='line_1_9' title="bbox 164 939 1168 1025; baseline 0.002 -20"><span class='ocrx_word' id='word_1_63' title='bbox 164 941 425 1005; x_wconf 90' lang='lat' dir='ltr'>inimicissimum</span> <span class='ocrx_word' id='word_1_64' title='bbox 453 961 547 1005; x_wconf 90' lang='lat' dir='ltr'>suum</span> <span class='ocrx_word' id='word_1_65' title='bbox 574 961 684 1004; x_wconf 90' lang='lat' dir='ltr'>secum</span> <span class='ocrx_word' id='word_1_66' title='bbox 712 939 848 1005; x_wconf 85' lang='lat' dir='ltr'>baberet</span> <span class='ocrx_word' id='word_1_67' title='bbox 876 941 1002 1025; x_wconf 82' lang='lat' dir='ltr'>sibique</span> <span class='ocrx_word' id='word_1_68' title='bbox 1029 942 1168 1007; x_wconf 88' lang='lat' dir='ltr'>dederet</span> 
     </span>
    </p>

    <p class='ocr_par' dir='ltr' id='par_1_4' title="bbox 130 1028 1169 1642">
     <span class='ocr_line' id='line_1_10' title="bbox 130 1028 1169 1115; baseline 0.001 -21"><span class='ocrx_word' id='word_1_69' title='bbox 130 1029 215 1094; x_wconf 86' lang='lat' dir='ltr'>abis</span> <span class='ocrx_word' id='word_1_70' title='bbox 239 1029 355 1094; x_wconf 89' lang='lat' dir='ltr'>Prusia</span> <span class='ocrx_word' id='word_1_71' title='bbox 376 1049 495 1114; x_wconf 79' lang='lat' dir='ltr'>negare</span> <span class='ocrx_word' id='word_1_72' title='bbox 519 1049 615 1092; x_wconf 89' lang='lat' dir='ltr'>ausus</span> <span class='ocrx_word' id='word_1_73' title='bbox 637 1049 704 1093; x_wconf 92' lang='lat' dir='ltr'>non</span> <span class='ocrx_word' id='word_1_74' title='bbox 726 1030 791 1113; x_wconf 87' lang='lat' dir='ltr'>est;</span> <span class='ocrx_word' id='word_1_75' title='bbox 821 1028 904 1093; x_wconf 94' lang='lat' dir='ltr'>illud</span> <span class='ocrx_word' id='word_1_76' title='bbox 925 1030 1099 1115; x_wconf 85' lang='lat' dir='ltr'>recusavit,</span> <span class='ocrx_word' id='word_1_77' title='bbox 1128 1052 1169 1095; x_wconf 90' lang='lat' dir='ltr'>ne</span> 
     </span>
     <span class='ocr_line' id='line_1_11' title="bbox 164 1080 1169 1202; baseline 0.001 -21"><span class='ocrx_word' id='word_1_78' title='bbox 164 1118 198 1181; x_wconf 93' lang='lat' dir='ltr'>id</span> <span class='ocrx_word' id='word_1_79' title='bbox 221 1140 241 1181; x_wconf 98' lang='lat' dir='ltr'>a</span> <span class='ocrx_word' id='word_1_80' title='bbox 263 1139 297 1182; x_wconf 88' lang='lat' dir='ltr'>se</span> <span class='ocrx_word' id='word_1_81' title='bbox 319 1117 390 1181; x_wconf 87' lang='lat' dir='ltr'>fieri</span> <span class='ocrx_word' id='word_1_82' title='bbox 417 1116 634 1201; x_wconf 85' lang='lat' dir='ltr'>postularent,</span> <span class='ocrx_word' id='word_1_83' title='bbox 662 1117 747 1198; x_wconf 91' lang='lat' dir='ltr'>quod</span> <span class='ocrx_word' id='word_1_84' title='bbox 774 1117 963 1182; x_wconf 80' lang='lat' dir='ltr'>adversus</span> <span class='ocrx_word' id='word_1_85' title='bbox 954 1140 1005 1183; x_wconf 89' lang='lat' dir='ltr'>rus</span> <span class='ocrx_word' id='word_1_86' title='bbox 1032 1080 1169 1202; x_wconf 64' lang='lat' dir='ltr'>hospitii</span> 
     </span>
     <span class='ocr_line' id='line_1_12' title="bbox 165 1204 1168 1290; baseline -0.001 -20"><span class='ocrx_word' id='word_1_87' title='bbox 165 1210 264 1270; x_wconf 88' lang='lat' dir='ltr'>esset:</span> <span class='ocrx_word' id='word_1_88' title='bbox 296 1205 373 1290; x_wconf 90' lang='lat' dir='ltr'>ipsi,</span> <span class='ocrx_word' id='word_1_89' title='bbox 396 1204 425 1269; x_wconf 93' lang='lat' dir='ltr'>si</span> <span class='ocrx_word' id='word_1_90' title='bbox 446 1208 593 1289; x_wconf 89' lang='lat' dir='ltr'>possent,</span> <span class='ocrx_word' id='word_1_91' title='bbox 616 1204 937 1288; x_wconf 88' lang='lat' dir='ltr'>comprehenderent:</span> <span class='ocrx_word' id='word_1_92' title='bbox 967 1207 1087 1284; x_wconf 89' lang='lat' dir='ltr'>locum,</span> <span class='ocrx_word' id='word_1_93' title='bbox 1109 1206 1168 1271; x_wconf 89' lang='lat' dir='ltr'>ubi</span> 
     </span>
     <span class='ocr_line' id='line_1_13' title="bbox 165 1290 1168 1377; baseline 0 -19"><span class='ocrx_word' id='word_1_94' title='bbox 165 1298 264 1377; x_wconf 88' lang='lat' dir='ltr'>esset,</span> <span class='ocrx_word' id='word_1_95' title='bbox 291 1293 386 1358; x_wconf 86' lang='lat' dir='ltr'>facile</span> <span class='ocrx_word' id='word_1_96' title='bbox 412 1293 608 1357; x_wconf 85' lang='lat' dir='ltr'>inventuros.</span> <span class='ocrx_word' id='word_1_97' title='bbox 653 1290 818 1357; x_wconf 90' lang='lat' dir='ltr'>Hannibal</span> <span class='ocrx_word' id='word_1_98' title='bbox 842 1294 927 1358; x_wconf 90' lang='lat' dir='ltr'>enim</span> <span class='ocrx_word' id='word_1_99' title='bbox 949 1315 1013 1358; x_wconf 89' lang='lat' dir='ltr'>uno</span> <span class='ocrx_word' id='word_1_100' title='bbox 1036 1295 1108 1358; x_wconf 89' lang='lat' dir='ltr'>loeo</span> <span class='ocrx_word' id='word_1_101' title='bbox 1133 1315 1168 1359; x_wconf 90' lang='lat' dir='ltr'>se</span> 
     </span>
     <span class='ocr_line' id='line_1_14' title="bbox 165 1381 1168 1466; baseline 0 -20"><span class='ocrx_word' id='word_1_102' title='bbox 165 1382 306 1464; x_wconf 91' lang='lat' dir='ltr'>tenebat,</span> <span class='ocrx_word' id='word_1_103' title='bbox 324 1382 359 1445; x_wconf 91' lang='lat' dir='ltr'>in</span> <span class='ocrx_word' id='word_1_104' title='bbox 377 1381 512 1445; x_wconf 90' lang='lat' dir='ltr'>castello</span> <span class='ocrx_word' id='word_1_105' title='bbox 532 1381 618 1465; x_wconf 93' lang='lat' dir='ltr'>quod</span> <span class='ocrx_word' id='word_1_106' title='bbox 636 1381 666 1445; x_wconf 92' lang='lat' dir='ltr'>ei</span> <span class='ocrx_word' id='word_1_107' title='bbox 685 1401 793 1466; x_wconf 87' lang='lat' dir='ltr'>arege</span> <span class='ocrx_word' id='word_1_108' title='bbox 812 1382 924 1446; x_wconf 87' lang='lat' dir='ltr'>datum</span> <span class='ocrx_word' id='word_1_109' title='bbox 945 1386 1015 1446; x_wconf 90' lang='lat' dir='ltr'>erat</span> <span class='ocrx_word' id='word_1_110' title='bbox 1033 1383 1168 1466; x_wconf 90' lang='lat' dir='ltr'>muneri,</span> 
     </span>
     <span class='ocr_line' id='line_1_15' title="bbox 165 1469 1168 1554; baseline 0.002 -22"><span class='ocrx_word' id='word_1_111' title='bbox 165 1469 261 1553; x_wconf 89' lang='lat' dir='ltr'>idque</span> <span class='ocrx_word' id='word_1_112' title='bbox 285 1469 332 1535; x_wconf 91' lang='lat' dir='ltr'>sic</span> <span class='ocrx_word' id='word_1_113' title='bbox 354 1469 549 1552; x_wconf 87' lang='lat' dir='ltr'>aedificarat,</span> <span class='ocrx_word' id='word_1_114' title='bbox 571 1469 666 1533; x_wconf 90' lang='lat' dir='ltr'>utin</span> <span class='ocrx_word' id='word_1_115' title='bbox 689 1470 838 1534; x_wconf 89' lang='lat' dir='ltr'>omnibus</span> <span class='ocrx_word' id='word_1_116' title='bbox 861 1470 1010 1554; x_wconf 90' lang='lat' dir='ltr'>partibus</span> <span class='ocrx_word' id='word_1_117' title='bbox 1030 1470 1168 1536; x_wconf 87' lang='lat' dir='ltr'>aedificii</span> 
     </span>
     <span class='ocr_line' id='line_1_16' title="bbox 166 1557 1168 1642; baseline 0.001 -20"><span class='ocrx_word' id='word_1_118' title='bbox 166 1558 271 1622; x_wconf 87' lang='lat' dir='ltr'>exitus</span> <span class='ocrx_word' id='word_1_119' title='bbox 298 1558 447 1642; x_wconf 85' lang='lat' dir='ltr'>haberet,</span> <span class='ocrx_word' id='word_1_120' title='bbox 475 1557 599 1622; x_wconf 89' lang='lat' dir='ltr'>scilicet</span> <span class='ocrx_word' id='word_1_121' title='bbox 626 1578 738 1622; x_wconf 81' lang='lat' dir='ltr'>verens</span> <span class='ocrx_word' id='word_1_122' title='bbox 765 1578 806 1622; x_wconf 90' lang='lat' dir='ltr'>ne</span> <span class='ocrx_word' id='word_1_123' title='bbox 831 1579 894 1623; x_wconf 91' lang='lat' dir='ltr'>usn</span> <span class='ocrx_word' id='word_1_124' title='bbox 916 1559 1054 1642; x_wconf 82' lang='lat' dir='ltr'>veniret,</span> <span class='ocrx_word' id='word_1_125' title='bbox 1082 1559 1168 1642; x_wconf 91' lang='lat' dir='ltr'>qnod</span> 
     </span>
    </p>

    <p class='ocr_par' dir='ltr' id='par_1_5' title="bbox 130 1645 1168 2434">
     <span class='ocr_line' id='line_1_17' title="bbox 130 1645 1167 1731; baseline 0.002 -21"><span class='ocrx_word' id='word_1_126' title='bbox 130 1647 293 1711; x_wconf 75' lang='lat' dir='ltr'>caecidit.</span> <span class='ocrx_word' id='word_1_127' title='bbox 345 1646 409 1711; x_wconf 88' lang='lat' dir='ltr'>huc</span> <span class='ocrx_word' id='word_1_128' title='bbox 441 1666 514 1710; x_wconf 89' lang='lat' dir='ltr'>cum</span> <span class='ocrx_word' id='word_1_129' title='bbox 546 1646 648 1731; x_wconf 79' lang='lat' dir='ltr'>legati</span> <span class='ocrx_word' id='word_1_130' title='bbox 680 1645 902 1711; x_wconf 88' lang='lat' dir='ltr'>Romanorum</span> <span class='ocrx_word' id='word_1_131' title='bbox 933 1646 1097 1712; x_wconf 82' lang='lat' dir='ltr'>venissent</span> <span class='ocrx_word' id='word_1_132' title='bbox 1129 1668 1167 1712; x_wconf 93' lang='lat' dir='ltr'>ac</span> 
     </span>
     <span class='ocr_line' id='line_1_18' title="bbox 165 1734 1166 1819; baseline 0.001 -20"><span class='ocrx_word' id='word_1_133' title='bbox 165 1735 373 1800; x_wconf 88' lang='lat' dir='ltr'>multitudine</span> <span class='ocrx_word' id='word_1_134' title='bbox 405 1735 536 1799; x_wconf 89' lang='lat' dir='ltr'>domum</span> <span class='ocrx_word' id='word_1_135' title='bbox 568 1734 637 1798; x_wconf 89' lang='lat' dir='ltr'>eius</span> <span class='ocrx_word' id='word_1_136' title='bbox 673 1734 974 1818; x_wconf 80' lang='lat' dir='ltr'>circumdedissent,</span> <span class='ocrx_word' id='word_1_137' title='bbox 1009 1756 1089 1819; x_wconf 87' lang='lat' dir='ltr'>puer</span> <span class='ocrx_word' id='word_1_138' title='bbox 1125 1734 1166 1799; x_wconf 85' lang='lat' dir='ltr'>ab</span> 
     </span>
     <span class='ocr_line' id='line_1_19' title="bbox 164 1821 1167 1996; baseline -0.001 -20"><span class='ocrx_word' id='word_1_139' title='bbox 164 1821 1167 1996; x_wconf 52' lang='grc' dir='ltr'>ιιιιιιιιιιιιιέιιιιιιιιιιιι,ιι</span> 
     </span>
     <span class='ocr_line' id='line_1_20' title="bbox 166 1998 1168 2084; baseline 0.002 -21"><span class='ocrx_word' id='word_1_140' title='bbox 166 2022 276 2063; x_wconf 89' lang='lat' dir='ltr'>omncs</span> <span class='ocrx_word' id='word_1_141' title='bbox 299 1999 385 2063; x_wconf 86' lang='lat' dir='ltr'>fores</span> <span class='ocrx_word' id='word_1_142' title='bbox 409 1999 546 2063; x_wconf 89' lang='lat' dir='ltr'>aedificii</span> <span class='ocrx_word' id='word_1_143' title='bbox 569 1998 754 2063; x_wconf 88' lang='lat' dir='ltr'>circumiret</span> <span class='ocrx_word' id='word_1_144' title='bbox 777 2019 814 2063; x_wconf 91' lang='lat' dir='ltr'>ac</span> <span class='ocrx_word' id='word_1_145' title='bbox 840 2020 976 2084; x_wconf 88' lang='lat' dir='ltr'>propere</span> <span class='ocrx_word' id='word_1_146' title='bbox 1004 1999 1067 2064; x_wconf 83' lang='lat' dir='ltr'>sibi</span> <span class='ocrx_word' id='word_1_147' title='bbox 1088 2021 1168 2065; x_wconf 91' lang='lat' dir='ltr'>nnn·</span> 
     </span>
     <span class='ocr_line' id='line_1_21' title="bbox 130 2086 1168 2172; baseline 0 -20"><span class='ocrx_word' id='word_1_148' title='bbox 130 2088 277 2172; x_wconf 81' lang='lat' dir='ltr'>otiaret,</span> <span class='ocrx_word' id='word_1_149' title='bbox 303 2109 381 2150; x_wconf 93' lang='lat' dir='ltr'>num</span> <span class='ocrx_word' id='word_1_150' title='bbox 409 2086 521 2150; x_wconf 91' lang='lat' dir='ltr'>eodem</span> <span class='ocrx_word' id='word_1_151' title='bbox 548 2087 644 2151; x_wconf 93' lang='lat' dir='ltr'>modo</span> <span class='ocrx_word' id='word_1_152' title='bbox 667 2086 808 2170; x_wconf 86' lang='lat' dir='ltr'>undique</span> <span class='ocrx_word' id='word_1_153' title='bbox 831 2087 1042 2152; x_wconf 79' lang='lat' dir='ltr'>obsideretur.</span> <span class='ocrx_word' id='word_1_154' title='bbox 1087 2109 1168 2172; x_wconf 89' lang='lat' dir='ltr'>puer</span> 
     </span>
     <span class='ocr_line' id='line_1_22' title="bbox 166 2173 1167 2260; baseline 0 -20"><span class='ocrx_word' id='word_1_155' title='bbox 166 2198 239 2240; x_wconf 90' lang='lat' dir='ltr'>oum</span> <span class='ocrx_word' id='word_1_156' title='bbox 271 2175 430 2258; x_wconf 88' lang='lat' dir='ltr'>celeriter,</span> <span class='ocrx_word' id='word_1_157' title='bbox 462 2173 539 2256; x_wconf 91' lang='lat' dir='ltr'>quid</span> <span class='ocrx_word' id='word_1_158' title='bbox 565 2174 713 2259; x_wconf 81' lang='lat' dir='ltr'>vidisset,</span> <span class='ocrx_word' id='word_1_159' title='bbox 743 2175 961 2240; x_wconf 87' lang='lat' dir='ltr'>renuntiasset</span> <span class='ocrx_word' id='word_1_160' title='bbox 992 2197 1167 2260; x_wconf 90' lang='lat' dir='ltr'>omnesque</span> 
     </span>
     <span class='ocr_line' id='line_1_23' title="bbox 166 2263 1166 2347; baseline 0.001 -19"><span class='ocrx_word' id='word_1_161' title='bbox 166 2264 271 2329; x_wconf 88' lang='lat' dir='ltr'>exitus</span> <span class='ocrx_word' id='word_1_162' title='bbox 299 2265 473 2347; x_wconf 82' lang='lat' dir='ltr'>occupatos</span> <span class='ocrx_word' id='word_1_163' title='bbox 501 2263 708 2346; x_wconf 86' lang='lat' dir='ltr'>ostendisset,</span> <span class='ocrx_word' id='word_1_164' title='bbox 741 2263 843 2327; x_wconf 89' lang='lat' dir='ltr'>sensit</span> <span class='ocrx_word' id='word_1_165' title='bbox 871 2263 905 2327; x_wconf 92' lang='lat' dir='ltr'>id</span> <span class='ocrx_word' id='word_1_166' title='bbox 933 2285 999 2329; x_wconf 89' lang='lat' dir='ltr'>non</span> <span class='ocrx_word' id='word_1_167' title='bbox 1028 2263 1166 2329; x_wconf 88' lang='lat' dir='ltr'>fortuito</span> 
     </span>
     <span class='ocr_line' id='line_1_24' title="bbox 165 2351 1167 2434; baseline 0.001 -18"><span class='ocrx_word' id='word_1_168' title='bbox 165 2352 297 2434; x_wconf 87' lang='lat' dir='ltr'>factum,</span> <span class='ocrx_word' id='word_1_169' title='bbox 320 2351 377 2416; x_wconf 90' lang='lat' dir='ltr'>sed</span> <span class='ocrx_word' id='word_1_170' title='bbox 400 2372 434 2415; x_wconf 90' lang='lat' dir='ltr'>se</span> <span class='ocrx_word' id='word_1_171' title='bbox 456 2351 525 2434; x_wconf 90' lang='lat' dir='ltr'>peti</span> <span class='ocrx_word' id='word_1_172' title='bbox 546 2372 650 2434; x_wconf 90' lang='lat' dir='ltr'>neque</span> <span class='ocrx_word' id='word_1_173' title='bbox 673 2351 736 2416; x_wconf 92' lang='lat' dir='ltr'>sibi</span> <span class='ocrx_word' id='word_1_174' title='bbox 759 2351 880 2415; x_wconf 90' lang='lat' dir='ltr'>diutius</span> <span class='ocrx_word' id='word_1_175' title='bbox 903 2351 1005 2417; x_wconf 81' lang='lat' dir='ltr'>vitam</span> <span class='ocrx_word' id='word_1_176' title='bbox 1027 2366 1098 2417; x_wconf 90' lang='lat' dir='ltr'>esse</span> <span class='ocrx_word' id='word_1_177' title='bbox 1121 2374 1167 2417; x_wconf 90' lang='lat' dir='ltr'>re-</span> 
     </span>
    </p>

    <p class='ocr_par' dir='ltr' id='par_1_6' title="bbox 44 2439 1167 2700">
     <span class='ocr_line' id='line_1_25' title="bbox 44 2439 1167 2524; baseline 0.003 -23"><span class='ocrx_word' id='word_1_178' title='bbox 44 2494 48 2501; x_wconf 92' lang='lat'><strong>.</strong></span> <span class='ocrx_word' id='word_1_179' title='bbox 165 2441 338 2505; x_wconf 88' lang='lat' dir='ltr'>tinendam.</span> <span class='ocrx_word' id='word_1_180' title='bbox 375 2461 473 2522; x_wconf 90' lang='lat' dir='ltr'>quarn</span> <span class='ocrx_word' id='word_1_181' title='bbox 490 2460 531 2503; x_wconf 90' lang='lat' dir='ltr'>ne</span> <span class='ocrx_word' id='word_1_182' title='bbox 549 2439 653 2503; x_wconf 89' lang='lat' dir='ltr'>alieno</span> <span class='ocrx_word' id='word_1_183' title='bbox 673 2439 808 2504; x_wconf 90' lang='lat' dir='ltr'>arbitrio</span> <span class='ocrx_word' id='word_1_184' title='bbox 832 2439 1020 2524; x_wconf 87' lang='lat' dir='ltr'>dimitteret,</span> <span class='ocrx_word' id='word_1_185' title='bbox 1043 2463 1167 2506; x_wconf 89' lang='lat' dir='ltr'>memor</span> 
     </span>
     <span class='ocr_line' id='line_1_26' title="bbox 164 2528 1167 2612; baseline 0.002 -20"><span class='ocrx_word' id='word_1_186' title='bbox 164 2529 376 2612; x_wconf 90' lang='lat' dir='ltr'>pristinarum</span> <span class='ocrx_word' id='word_1_187' title='bbox 403 2528 562 2592; x_wconf 86' lang='lat' dir='ltr'>virtutum</span> <span class='ocrx_word' id='word_1_188' title='bbox 589 2549 759 2611; x_wconf 85' lang='lat' dir='ltr'>venenum,</span> <span class='ocrx_word' id='word_1_189' title='bbox 790 2528 875 2612; x_wconf 88' lang='lat' dir='ltr'>quod</span> <span class='ocrx_word' id='word_1_190' title='bbox 905 2548 1030 2612; x_wconf 86' lang='lat' dir='ltr'>semper</span> <span class='ocrx_word' id='word_1_191' title='bbox 1058 2550 1167 2594; x_wconf 83' lang='lat' dir='ltr'>secum</span> 
     </span>
     <span class='ocr_line' id='line_1_27' title="bbox 164 2617 659 2700; baseline -0.004 -20"><span class='ocrx_word' id='word_1_192' title='bbox 164 2617 283 2681; x_wconf 91' lang='lat' dir='ltr'>habere</span> <span class='ocrx_word' id='word_1_193' title='bbox 307 2620 487 2700; x_wconf 88' lang='lat' dir='ltr'>consuerat,</span> <span class='ocrx_word' id='word_1_194' title='bbox 511 2617 659 2699; x_wconf 88' lang='lat' dir='ltr'>sumpsit.</span> 
     </span>
    </p>

    <p class='ocr_par' dir='ltr' id='par_1_7' title="bbox 115 2703 1169 3318">
     <span class='ocr_line' id='line_1_28' title="bbox 115 2703 1166 2788; baseline 0 -18"><span class='ocrx_word' id='word_1_195' title='bbox 115 2707 155 2771; x_wconf 83' lang='lat'>13</span> <span class='ocrx_word' id='word_1_196' title='bbox 254 2703 307 2769; x_wconf 79' lang='lat' dir='ltr'>Sic</span> <span class='ocrx_word' id='word_1_197' title='bbox 334 2705 384 2770; x_wconf 85' lang='lat' dir='ltr'>vir</span> <span class='ocrx_word' id='word_1_198' title='bbox 409 2704 621 2786; x_wconf 86' lang='lat' dir='ltr'>fortissimus,</span> <span class='ocrx_word' id='word_1_199' title='bbox 650 2704 762 2768; x_wconf 88' lang='lat' dir='ltr'>multis</span> <span class='ocrx_word' id='word_1_200' title='bbox 790 2704 951 2787; x_wconf 85' lang='lat' dir='ltr'>variisque</span> <span class='ocrx_word' id='word_1_201' title='bbox 977 2703 1166 2788; x_wconf 80' lang='lat' dir='ltr'>perfunctus</span> 
     </span>
     <span class='ocr_line' id='line_1_29' title="bbox 165 2792 1168 2878; baseline -0.001 -21"><span class='ocrx_word' id='word_1_202' title='bbox 165 2794 345 2878; x_wconf 85' lang='lat' dir='ltr'>laboribus,</span> <span class='ocrx_word' id='word_1_203' title='bbox 368 2815 452 2858; x_wconf 90' lang='lat' dir='ltr'>anno</span> <span class='ocrx_word' id='word_1_204' title='bbox 476 2792 637 2876; x_wconf 84' lang='lat' dir='ltr'>acquievit</span> <span class='ocrx_word' id='word_1_205' title='bbox 660 2792 909 2878; x_wconf 83' lang='lat' dir='ltr'>septuagesimo.</span> <span class='ocrx_word' id='word_1_206' title='bbox 954 2792 1071 2876; x_wconf 91' lang='lat' dir='ltr'>quibus</span> <span class='ocrx_word' id='word_1_207' title='bbox 1095 2814 1168 2857; x_wconf 89' lang='lat' dir='ltr'>con·</span> 
     </span>
     <span class='ocr_line' id='line_1_30' title="bbox 166 2878 1167 2964; baseline -0.002 -18"><span class='ocrx_word' id='word_1_208' title='bbox 166 2882 289 2947; x_wconf 87' lang='lat' dir='ltr'>sulibus</span> <span class='ocrx_word' id='word_1_209' title='bbox 330 2880 508 2964; x_wconf 90' lang='lat' dir='ltr'>interierit,</span> <span class='ocrx_word' id='word_1_210' title='bbox 547 2901 614 2944; x_wconf 90' lang='lat' dir='ltr'>non</span> <span class='ocrx_word' id='word_1_211' title='bbox 650 2880 807 2945; x_wconf 84' lang='lat' dir='ltr'>convenit.</span> <span class='ocrx_word' id='word_1_212' title='bbox 860 2901 999 2962; x_wconf 84' lang='lat' dir='ltr'>namque</span> <span class='ocrx_word' id='word_1_213' title='bbox 1035 2878 1167 2945; x_wconf 86' lang='lat' dir='ltr'>Atticus</span> 
     </span>
     <span class='ocr_line' id='line_1_31' title="bbox 165 2966 1167 3044; baseline -0.001 -10"><span class='ocrx_word' id='word_1_214' title='bbox 165 2971 208 3035; x_wconf 90' lang='lat' dir='ltr'>M.</span> <span class='ocrx_word' id='word_1_215' title='bbox 240 2969 375 3037; x_wconf 85' lang='lat' dir='ltr'>Claudio</span> <span class='ocrx_word' id='word_1_216' title='bbox 407 2969 562 3034; x_wconf 89' lang='lat' dir='ltr'>Marcello</span> <span class='ocrx_word' id='word_1_217' title='bbox 596 2967 632 3044; x_wconf 79' lang='lat' dir='ltr'>Q.</span> <span class='ocrx_word' id='word_1_218' title='bbox 664 2966 767 3032; x_wconf 86' lang='lat' dir='ltr'>Fabio</span> <span class='ocrx_word' id='word_1_219' title='bbox 798 2966 948 3032; x_wconf 88' lang='lat' dir='ltr'>Labeone</span> <span class='ocrx_word' id='word_1_220' title='bbox 981 2968 1167 3034; x_wconf 89' lang='lat' dir='ltr'>consulibus</span> 
     </span>
     <span class='ocr_line' id='line_1_32' title="bbox 165 3055 1167 3140; baseline -0.002 -17"><span class='ocrx_word' id='word_1_221' title='bbox 165 3062 330 3123; x_wconf 86' lang='lat' dir='ltr'>mortuum</span> <span class='ocrx_word' id='word_1_222' title='bbox 352 3058 387 3122; x_wconf 92' lang='lat' dir='ltr'>in</span> <span class='ocrx_word' id='word_1_223' title='bbox 410 3057 518 3121; x_wconf 90' lang='lat' dir='ltr'>annali</span> <span class='ocrx_word' id='word_1_224' title='bbox 541 3077 599 3120; x_wconf 89' lang='lat' dir='ltr'>sno</span> <span class='ocrx_word' id='word_1_225' title='bbox 623 3056 780 3139; x_wconf 90' lang='lat' dir='ltr'>scriptum</span> <span class='ocrx_word' id='word_1_226' title='bbox 798 3056 938 3140; x_wconf 89' lang='lat' dir='ltr'>reliquit,</span> <span class='ocrx_word' id='word_1_227' title='bbox 961 3060 996 3120; x_wconf 89' lang='lat' dir='ltr'>at</span> <span class='ocrx_word' id='word_1_228' title='bbox 1011 3055 1167 3140; x_wconf 87' lang='lat' dir='ltr'>Polybius</span> 
     </span>
     <span class='ocr_line' id='line_1_33' title="bbox 165 3142 1167 3228; baseline -0.003 -16"><span class='ocrx_word' id='word_1_229' title='bbox 165 3147 201 3212; x_wconf 79' lang='lat' dir='ltr'>L.</span> <span class='ocrx_word' id='word_1_230' title='bbox 234 3145 374 3213; x_wconf 84' lang='lat' dir='ltr'>Aemilio</span> <span class='ocrx_word' id='word_1_231' title='bbox 406 3144 507 3209; x_wconf 91' lang='lat' dir='ltr'>Paulo</span> <span class='ocrx_word' id='word_1_232' title='bbox 540 3143 597 3210; x_wconf 83' lang='lat' dir='ltr'>On</span> <span class='ocrx_word' id='word_1_233' title='bbox 628 3143 750 3208; x_wconf 90' lang='lat' dir='ltr'>Baebio</span> <span class='ocrx_word' id='word_1_234' title='bbox 783 3142 968 3228; x_wconf 81' lang='lat' dir='ltr'>Tamphilo,</span> <span class='ocrx_word' id='word_1_235' title='bbox 1005 3142 1167 3228; x_wconf 81' lang='lat' dir='ltr'>Sulpicius</span> 
     </span>
     <span class='ocr_line' id='line_1_34' title="bbox 165 3230 1169 3318; baseline -0.004 -18"><span class='ocrx_word' id='word_1_236' title='bbox 165 3239 274 3300; x_wconf 88' lang='lat' dir='ltr'>autem</span> <span class='ocrx_word' id='word_1_237' title='bbox 301 3234 414 3298; x_wconf 90' lang='lat' dir='ltr'>Blitho</span> <span class='ocrx_word' id='word_1_238' title='bbox 442 3233 477 3298; x_wconf 90' lang='lat' dir='ltr'>P.</span> <span class='ocrx_word' id='word_1_239' title='bbox 505 3231 656 3298; x_wconf 82' lang='lat' dir='ltr'>Cornelio</span> <span class='ocrx_word' id='word_1_240' title='bbox 684 3230 828 3318; x_wconf 82' lang='lat' dir='ltr'>Cethego</span> <span class='ocrx_word' id='word_1_241' title='bbox 857 3230 900 3296; x_wconf 89' lang='lat' dir='ltr'>M.</span> <span class='ocrx_word' id='word_1_242' title='bbox 922 3231 1046 3298; x_wconf 90' lang='lat' dir='ltr'>Baebio</span> <span class='ocrx_word' id='word_1_243' title='bbox 1075 3232 1169 3297; x_wconf 86' lang='lat' dir='ltr'>Tam·</span> 
     </span>
    </p>

    <p class='ocr_par' dir='ltr' id='par_1_8' title="bbox 130 3320 1169 3577">
     <span class='ocr_line' id='line_1_35' title="bbox 130 3320 1168 3407; baseline 0 -21"><span class='ocrx_word' id='word_1_244' title='bbox 130 3323 264 3407; x_wconf 80' lang='lat' dir='ltr'>aphilo.</span> <span class='ocrx_word' id='word_1_245' title='bbox 300 3326 397 3405; x_wconf 89' lang='lat' dir='ltr'>atque</span> <span class='ocrx_word' id='word_1_246' title='bbox 415 3321 469 3386; x_wconf 80' lang='lat' dir='ltr'>hic</span> <span class='ocrx_word' id='word_1_247' title='bbox 487 3325 599 3385; x_wconf 83' lang='lat' dir='ltr'>tantus</span> <span class='ocrx_word' id='word_1_248' title='bbox 622 3321 672 3384; x_wconf 82' lang='lat' dir='ltr'>vir</span> <span class='ocrx_word' id='word_1_249' title='bbox 695 3320 859 3403; x_wconf 87' lang='lat' dir='ltr'>tantisque</span> <span class='ocrx_word' id='word_1_250' title='bbox 881 3320 976 3384; x_wconf 89' lang='lat' dir='ltr'>bellis</span> <span class='ocrx_word' id='word_1_251' title='bbox 1000 3321 1168 3386; x_wconf 88' lang='lat' dir='ltr'>districtus</span> 
     </span>
     <span class='ocr_line' id='line_1_36' title="bbox 165 3408 1168 3494; baseline -0.001 -19"><span class='ocrx_word' id='word_1_252' title='bbox 165 3411 311 3475; x_wconf 88' lang='lat' dir='ltr'>nonnihil</span> <span class='ocrx_word' id='word_1_253' title='bbox 331 3411 486 3494; x_wconf 87' lang='lat' dir='ltr'>temporis</span> <span class='ocrx_word' id='word_1_254' title='bbox 506 3408 623 3473; x_wconf 90' lang='lat' dir='ltr'>tribuit</span> <span class='ocrx_word' id='word_1_255' title='bbox 641 3408 769 3472; x_wconf 89' lang='lat' dir='ltr'>litteris.</span> <span class='ocrx_word' id='word_1_256' title='bbox 797 3430 937 3492; x_wconf 91' lang='lat' dir='ltr'>namque</span> <span class='ocrx_word' id='word_1_257' title='bbox 956 3409 1081 3492; x_wconf 90' lang='lat' dir='ltr'>aliquot</span> <span class='ocrx_word' id='word_1_258' title='bbox 1100 3409 1168 3474; x_wconf 90' lang='lat' dir='ltr'>eius</span> 
     </span>
     <span class='ocr_line' id='line_1_37' title="bbox 152 3494 1169 3577; baseline 0.008 -22"><span class='ocrx_word' id='word_1_259' title='bbox 152 3498 238 3560; x_wconf 78' lang='lat' dir='ltr'>lrbn&#39;</span> <span class='ocrx_word' id='word_1_260' title='bbox 255 3503 344 3577; x_wconf 81' lang='lat' dir='ltr'>snut,</span> <span class='ocrx_word' id='word_1_261' title='bbox 367 3497 492 3565; x_wconf 79' lang='lat' dir='ltr'>Graeco</span> <span class='ocrx_word' id='word_1_262' title='bbox 512 3517 659 3563; x_wconf 90' lang='lat' dir='ltr'>sermone</span> <span class='ocrx_word' id='word_1_263' title='bbox 680 3494 828 3572; x_wconf 81' lang='lat' dir='ltr'>coniecti.</span> <span class='ocrx_word' id='word_1_264' title='bbox 851 3496 885 3560; x_wconf 92' lang='lat' dir='ltr'>in</span> <span class='ocrx_word' id='word_1_265' title='bbox 904 3496 950 3560; x_wconf 87' lang='lat' dir='ltr'>eis</span> <span class='ocrx_word' id='word_1_266' title='bbox 969 3496 1010 3561; x_wconf 90' lang='lat' dir='ltr'>ad</span> <span class='ocrx_word' id='word_1_267' title='bbox 1023 3496 1169 3564; x_wconf 88' lang='lat' dir='ltr'>Rhodios</span> 
     </span>
    </p>
   </div>
   <div class='ocr_carea' id='block_1_3' title="bbox 1143 3613 1159 3655">
    <p class='ocr_par' dir='ltr' id='par_1_9' title="bbox 1143 3613 1159 3655">
     <span class='ocr_line' id='line_1_38' title="bbox 1143 3613 1159 3655; baseline 0 0"><span class='ocrx_word' id='word_1_268' title='bbox 1143 3613 1159 3655; x_wconf 65' lang='lat' dir='ltr'>t</span> 
     </span>
    </p>
   </div>
   <div class='ocr_carea' id='block_1_4' title="bbox 0 0 1234 3848">
    <p class='ocr_par' dir='ltr' id='par_1_10' title="bbox 0 0 1234 3848">
     <span class='ocr_line' id='line_1_39' title="bbox 0 0 1234 3848; baseline 0 0"><span class='ocrx_word' id='word_1_269' title='bbox 0 0 1234 3848; x_wconf 95' lang='lat' dir='ltr'> </span> 
     </span>
    </p>
   </div>
  </div>
 </body>
</html>
