2460 3848
392 194 476 250 xxv.
495 193 655 249 1111111.
684 200 726 249 11.
747 201 787 250 11,
1032 193 1095 258 107

95 335 279 420 Serviliam,
310 336 406 400 Bruti
437 341 589 423 matrem,
619 360 685 404 non
717 340 824 404 minus
855 343 932 423 post
959 343 1098 404 mortem

95 425 164 490 eius
193 446 290 508 quam
308 424 486 495 ,florentem
514 427 660 490 coluerit.
705 427 753 503 sic
779 427 975 492 liberalitate
1003 432 1134 493 utenso

93 513 200 577 nullas
222 512 410 577 inimicitias
433 514 550 599 gessit,
580 515 666 597 quod
692 535 796 598 neque
819 515 968 580 laedebat
990 535 1098 599 quem-

95 622 192 683 quam
214 622 332 684 neque,
355 601 384 665 si
407 622 504 684 quam
526 602 680 667 iniuriam
703 607 885 688 acceperat,
913 624 980 668 non
1002 604 1098 668 male

94 689 153 753 bat
175 689 325 754 oblivisci
348 710 445 772 quam
468 689 589 755 ulcisci.
631 691 718 754 idem
740 691 919 756 immortali
942 691 1099 757 memoria

94 780 248 860 percepta
269 777 432 842 retinebat
454 778 624 863 beneficia3
651 799 732 862 quae
756 783 866 844 autem
887 779 957 864 ipse
979 779 1099 845 tribue·

94 869 161 950 rat,
184 869 253 929 11111
276 865 331 930 diu
353 865 559 951 meminerat,
587 867 694 950 quoad
716 866 771 931 ille
795 871 909 953 gratus
932 871 1016 952 erat,
1043 867 1099 951 qui

95 957 271 1039 acceperat
312 954 422 1038 itaque
445 953 499 1018 hic
529 953 607 1020 fecit
636 958 673 1019 ut
695 977 769 1020 vere
792 955 915 1020 dictum
937 955 1133 1020 1111111111

157 1074 215 1142 Sui
237 1074 352 1161 cuique
375 1098 481 1142 mores
504 1073 636 1162 fingunt
658 1077 824 1143 fortunam
845 1079 1041 1143 hominibus.
1080 1100 1084 1107 ’

94 1240 197 1320 neque
220 1224 331 1282 tamen
352 1217 408 1281 ille
430 1218 520 1319 prius
543 1217 709 1283 fortunam
732 1240 830 1302 quam
853 1240 887 1284 se
907 1219 977 1302 ipse
995 1219 1098 1304 finxit,

95 1307 150 1390 qui
174 1307 261 1371 cavit
283 1326 323 1369 nc
347 1306 467 1388 quain
489 1328 523 1371 re
546 1306 614 1370 iure
637 1307 842 1390 plecteretur.

182 1392 277 1457 Η11
268 1393 330 1478 rgit
330 1415 370 1458 11
391 1394 488 1459 rebus
512 1392 619 1458 effecit
636 1398 674 1458 ut
691 1393 735 1458 M.
749 1393 927 1478 Vipsanius
941 1394 1098 1481 Agrippa,
1111 1396 1151 1461 12

95 1481 212 1546 intima
243 1480 467 1546 familiaritate
434 1482 691 1547 tconiunctus
728 1482 927 1548 adulescenti
959 1482 1099 1569 Caesari,

95 1591 169 1635 cum
204 1573 338 1653 propter
369 1591 462 1634 suam
491 1569 702 1656 gratiamet
668 1569 881 1636 etCaesaris
917 1572 1042 1654 potent
1033 1593 1098 1636 ram

94 1657 222 1724 nullius
245 1657 442 1722 condicionis
471 1678 538 1723 non
563 1657 698 1722 haberet
683 1660 835 1740 ttpotes
836 1662 936 1742 atem,
969 1659 1099 1742 potissi-

94 1768 184 1810 mum
203 1745 272 1810 eius
291 1745 447 1830 deligeret
469 1744 663 1809 affinitatem
684 1749 955 1829 praeoptaretque
979 1746 1098 1828 equitis

94 1833 235 1899 Romani
265 1832 368 1897 filiam
399 1853 629 1918 generosarum
664 1833 796 1916 nuptiis.
851 1837 947 1917 atque
982 1834 1133 1898 haruma

93 1922 283 2005 nuptiarum
310 1921 501 1986 conciliator
527 1920 590 1985 fuit
617 1917 696 2020 (non
724 1924 774 1985 est
801 1921 886 1985 enim
916 1920 1097 2008 celandum)
1128 1992 1129 1995 Ἴ

94 2009 138 2074 Μ.
161 2009 338 2092 Antonius,
370 2009 576 2074 triumvirum
607 2028 655 2072 rer
686 2009 835 2092 publicae
867 2011 1098 2076 constituendae.

95 2098 186 2163 cuius
204 2096 312 2183 gratia
331 2118 404 2163 cum
423 2117 541 2182 augere
558 2097 780 2181 possessiones
798 2101 910 2182 posset
926 2120 1011 2183 suas,
1028 2103 1099 2163 tan·

94 2192 165 2251 tum
188 2185 272 2250 afuit
294 2207 314 2250 a
337 2186 514 2269 cupiditate
536 2185 705 2270 pecuniae,
733 2190 772 2250 ut
793 2186 884 2250 nulla
905 2186 940 2252 in
962 2208 997 2252 11
1019 2208 1097 2251 usus

95 2275 139 2340 sit
162 2296 200 2340 ea
222 2274 286 2338 nisi
309 2273 344 2339 in
366 2274 574 2358 deprecandis
598 2273 776 2339 amicorum
794 2277 852 2337 aut
869 2275 1022 2357 periculis
1040 2277 1097 2338 aut

94 2362 316 2426 incommodis,
351 2363 437 2444 quod
455 2362 584 2445 quidem
603 2362 663 2425 sub
682 2361 754 2445 ipsa
775 2361 1013 2444 proscriptione
1027 2382 1097 2444 per·
1115 2378 1132 2425 3

93 2449 221 2514 illustre
256 2448 329 2512 fuit.
382 2471 459 2513 nam
489 2470 562 2514 cum
589 2447 625 2512 L.
654 2445 763 2512 Saufei
795 2448 914 2530 equitis
948 2447 1098 2533 Romani,

94 2536 238 2621 aequalis
258 2536 317 2620 sui,
341 2536 395 2619 qui
415 2536 595 2619 complures
614 2556 715 2600 annos
734 2535 842 2599 studio
861 2535 976 2600 ductus
994 2535 1097 2620 philo·

94 2625 227 2709 sophiae
253 2623 427 2688 habitabat
449 2621 587 2688 Athenis
614 2623 820 2707 habebatque
846 2623 881 2687 in
903 2622 1002 2688 Italia
1027 2646 1097 2708 pre

93 2714 196 2778 tiosas
218 2711 448 2796 possessiones,
471 2710 600 2776 tresviri
622 2711 707 2776 bona
730 2710 948 2777 vendidissent
966 2733 1097 2777 consue·

93 2801 205 2865 tudine
219 2821 266 2884 ea,
285 2821 349 2883 qua
366 2803 437 2863 tum
456 2819 507 2863 res
527 2798 732 2884 gerebantur,
750 2798 854 2864 Attici
868 2799 979 2864 labore
998 2804 1095 2883 atque

92 2888 254 2953 industria
276 2887 400 2952 factum
422 2891 473 2952 est
495 2889 533 2951 ut
555 2887 667 2952 eodem
689 2887 803 2952 nuntio
833 2885 981 2952 Saufeius
1003 2888 1096 2952 fieret

93 2977 213 3042 certior
236 2997 269 3041 se
291 2975 525 3060 patrimonium
543 2975 690 3039 amisisse
710 2979 743 3039 et
760 2996 974 3058 recuperasse.
1010 2975 1096 3040 idem
1113 2992 1132 3040 4

93 3063 129 3129 L.
156 3063 276 3129 Iulium
303 3062 464 3147 Calidum,
501 3084 597 3146 quem
632 3066 709 3147 post
739 3061 883 3128 Lucretii
911 3061 1096 3146 Catullique

93 3156 232 3217 mortem
246 3152 350 3217 multo
370 3151 647 3238 elegantissimum
664 3155 796 3235 politam
814 3155 962 3216 nostram
980 3150 1095 3215 tulisse

93 3244 235 3305 aetatem
261 3261 335 3305 vere
363 3239 473 3305 videor
499 3260 594 3323 posse
623 3243 699 3303 cont
685 3239 829 3322 t,endere
857 3261 960 3322 neque
988 3239 1095 3303 minus

92 3328 198 3393 virum
219 3329 341 3393 bonum
365 3327 560 3412 optimisque
584 3326 710 3392 artibus
733 3290 838 3391 erudit
824 3331 903 3427 tum,
925 3330 1002 3410 post
1023 3347 1096 3410 pro·

93 3416 302 3501 scriptionem
330 3417 476 3518 equitum
502 3419 636 3498 propter
664 3435 800 3500 magnas
828 3415 896 3479 eius
923 3413 1095 3480 Africanas

90 3505 312 3588 possessiones
331 3505 366 3569 in
378 3504 635 3589 proscriptorum
648 3501 892 3568 numerumal!
902 3500 941 3564 ¹1
950 3501 1124 3568 1111111
